4050 5480
503 575 574 674 54·
728 556 1063 638 Drstnnrrrrours
1090 581 1262 636 erratum
1288 559 1389 640 Pane
1416 582 1569 640 nerunt

448 682 606 760 unicum
631 675 707 760 fere
731 709 887 786 corpus,
913 709 953 763 ut
981 687 1138 764 vidimus
1149 693 1162 779 '‚
1188 655 1276 761 cuin
1295 683 1414 760 domo
1442 679 1711 761 Montiscaierii
1736 669 1850 758 effice·

452 827 509 883 ret
523 862 535 900 ,
551 807 598 884 de
619 834 692 910 qua
713 835 805 887 mox
825 810 947 890 sermo
968 815 1062 890 erit.
1085 811 1265 888 Attamen
1276 808 1411 886 'saitem
1433 811 1480 886 ad
1502 835 1564 885 an.
1578 798 1851 886 MCCCCXX.
1975 877 1981 884 .

454 929 688 1010 substiterunt
713 933 912 1014 Demonte
940 935 1165 1014 Humiliati.
1191 935 1248 1012 Ita
1272 934 1377 1010 enim
1401 931 1442 1007 in
1471 933 1568 1008 illius
1589 934 1681 1010 anni
1700 931 1851 1008 charta:

452 1039 493 1134 Iri
520 1065 627 1138 Domo
647 1053 904 1166 Οὐιονιὶσιιὶἐλτ
930 1065 1054 1140 Mariae
1079 1063 1285 1162 Magdalenae
1307 1085 1402 1160 prope
1427 1059 1522 1133 Eccir
1535 1083 1604 1134 ram
1619 1059 1855 1134 'Parocbialem

446 1185 612 1284 praediiiae
636 1191 676 1259 Β.
702 1173 827 1259 Ma'riae
851 1184 1083 1284 Magdalenae,
1107 1187 1188 1263 Ord.
1210 1188 1470 1263 Umiliatorum'.
1500 1181 1622 1276 Hujus
1640 1205 1766 1261 autem
1788 1183 1855 1259 Ec·

436 1313 566 1396 sctefie
596 1301 782 1402 Parochus
806 1318 939 1398 dicitur
973 1327 1021 1394 D.
1055 1326 1151 1420 Hugo
1187 1323 1410 1412 litairanefius
1441 1317 1538 1396 Prior
1570 1311 1665 1389 dieta
1696 1313 1840 1401 Ecclefiae

449 1448 590 1524 paroch.

429 1637 435 1648 .
555 1565 741 1646 XXXIX.
767 1567 861 1646 Haee
884 1563 988 1646 futtse
1023 1549 1194 1648 videntur
1226 1571 1516 1674 subalpinorum
1553 1564 1857 1643 Humiliatorum

456 1694 589 1772 initia.
615 1693 685 1770 Sed
712 1689 860 1784 iamed
886 1693 1045 1785 domos,
1071 1719 1152 1794 quae
1179 1697 1219 1770 in
1240 1695 1426 1796 Catalogo
1455 1689 1581 1768 nostro
1598 1687 1851 1783 recensentur,

444 1821 753 1920 progrediamur.
781 1821 839 1896 Ac
864 1821 987 1916 primo
1014 1825 1051 1895 6.
1064 1823 1191 1896 Domus
1215 1825 1254 1899 de
1277 1823 1446 1914 devilia,
1475 1817 1576 1919 quod
1602 1813 1782 1915 oppidum
1804 1811 1856 1892 est

452 1940 636 2018 Vercellas
662 1945 760 2020 inter
784 1967 828 2019 ac
850 1925 1091 2039 Taurinum,
1127 1947 1240 2042 vngo
1266 1949 1425 2040 Civaffo.
1465 1945 1645 2045 Amplam
1671 1943 1721 2019 ibi
1746 1934 1854 2019 iuiffe

452 2064 753 2146 Humiliatorum
779 2069 938 2144 domum
965 2065 1164 2166 Catalogus
1191 2093 1251 2144 an.
1272 2065 1565 2172 MCCCXLIV.
1591 2067 1755 2159 indicat;
1780 2063 1857 2142 sex·

450 2175 573 2284 decim
597 2193 701 2270 enim
725 2189 882 2288 fratrer,
907 2216 950 2270 ac
974 2193 1233 2292 septemdecim
1260 2189 1401 2268 sorores
1428 2194 1477 2270 ibi
1504 2195 1553 2271 att
1579 2193 1775 2269 dicuntur.
1803 2187 1852 2264 In

450 2317 640 2416 Catalogo
661 2345 724 2395 an.
744 2315 956 2396 MDLXX.
982 2316 1124 2413 Joanni
1154 2317 1330 2394 Antonio
1355 2317 1493 2396 Scaleae
1513 2315 1778 2393 commendata
1806 2313 1860 2388 di·

452 2447 574 2540 citur,
596 2446 746 2544 duoque
772 2441 821 2517 ibi
847 2441 1024 2536 degentes
1052 2439 1255 2516 Humiliati
1270 2441 1539 2516 nominantur.
1564 2431 1857 2537 Sequitrrrdein·

450 2565 498 2644 de
524 2589 559 2664 7.
587 2573 716 2644 Domus
747 2567 786 2641 de
819 2563 957 2658 turino,
991 2589 1107 2664 quam
1139 2565 1270 2641 leviter
1301 2566 1487 2662 attingere
1513 2581 1856 2641 monumentorum

453 2693 582 2790 inopia
612 2693 750 2768 invitos
775 2691 898 2785 cogit.
925 2687 1010 2788 Jam
1035 2689 1082 2766 ab
1104 2712 1207 2763 anno
1228 2685 1434 2765 MCCLII.
1461 2687 1760 2766 Humiliatotum
1786 2689 1857 2767 do·

451 2842 561 2894 mum
588 2816 746 2895 Taurini
782 2815 912 2910 fuisse,
945 2815 1082 2889 indicat
1116 2809 1279 2900 eiusdem
1313 2817 1407 2891 anni
1439 2813 1593 2908 charta,
1624 2837 1698 2913 qua
1724 2811 1858 2893 Tauri·

451 2943 576 3020 nensis
610 2937 814 3040 Episcopus
839 2938 1001 3014 Thomae
1037 2933 1225 3011 Sabaudiae
1258 2934 1403 3013 comiti
1437 2932 1643 3014 Montesoli
1678 2935 1854 3018 Castrum

449 3069 697 3164 oppignerat.
734 3063 893 3162 Etenim
918 3060 1017 3135 inter
1047 3061 1311 3135 conventionis
1336 3059 1491 3137 arbitros
1519 3062 1736 3140 nominatur
1760 3071 1852 3144 Pra-

447 3194 568 3292 pofitus
592 3184 886 3276 [dimidiatarum
912 3186 1080 3284 quamvis
1104 3184 1240 3260 domus
1267 3207 1408 3262 nomen
1436 3210 1517 3263 non
1543 3187 1745 3264 indicetur.
1773 3191 1847 3268 Sed

445 3319 495 3396 de
516 3315 740 3396 Taurinensr
767 3314 837 3389 hac
855 3309 973 3385 domo
994 3307 1068 3382 hoc
1087 3309 1196 3384 unice
1220 3309 1394 3387 novimus
1408 3309 1452 3386 ab
1472 3335 1531 3388 an.
1546 3309 1850 3390 MCCXCVIII.

433 3443 501 3546 ,ad
526 3469 590 3520 an.
615 3435 887 3519 MDXXXVI.
911 3431 1080 3514 exstitisse
1107 3435 1236 3529 illam;
1267 3461 1345 3536 quo
1371 3459 1500 3533 anno,
1533 3461 1574 3516 ut
1599 3439 1851 3522 Taurinenset

450 3565 625 3658 Historici
650 3565 876 3646 Philibertus
901 3559 1197 3658 Pingonius(a>‚
1222 3567 1259 3642 δι
1287 3564 1495 3642 Franciscus
1515 3563 1637 3642 Maria
1664 3567 1849 3648 Ferreriut

447 3699 495 3777 de
520 3691 710 3774 Lauriano
735 3691 782 3782 (b)
810 3706 984 3780 narrant,
1013 3712 1102 3765 cum
1136 3687 1304 3768 suburbia
1330 3710 1507 3790 quattuor
1531 3689 1698 3768 assGailis
1723 3699 1845 3774 ercin-

448 3825 648 3914 derentur,
683 3835 792 3916 atque
826 3817 920 3896 illud
953 3819 1052 3892 inter
1082 3835 1237 3908 cetera,
1272 3815 1375 3916 quod
1409 3817 1454 3892 ad
1489 3813 1643 3893 Portam
1679 3817 1846 3900 Marmo-

446 3971 549 4028 ream
587 3941 811 4033 vocabatur,
845 3935 1145 4016 Humiliatorum
1184 3941 1298 4016 etiam
1333 3939 1468 4016 domus
1504 3937 1543 4014 S.
1570 3937 1845 4044 Christophoto

451 4076 549 4152 sacra
574 4064 697 4146 eversa
722 4063 818 4144 fuit.
855 4062 1057 4140 Humiliati
1085 4089 1173 4140 vero
1204 4046 1281 4165 spuo
1315 4061 1351 4140 se
1379 4064 1604 4162 receperint,
1644 4093 1723 4146 non
1757 4096 1845 4148 con·

441 4197 540 4298 ¹ssat.
575 4191 611 4271 8.
638 4197 765 4268 Domus
787 4182 948 4285 fratrum
970 4191 1010 4264 de
1032 4207 1145 4267 monte
1168 4189 1313 4281 celeria,
1348 4185 1449 4286 quod
1473 4186 1652 4290 oppidum
1684 4195 1738 4274 est
1765 4221 1845 4274 nott

514 4385 518 4394 ’
1698 4323 1798 4399 mui-

524 4511 567 4585 (ι)
589 4505 705 4582 August.
725 4499 851 4562 Tauria.
868 4511 930 4569 pag·
951 4517 993 4560 tr.
1014 4492 1091 4552 Edit.
1111 4488 1228 4549 Taurin.
1249 4509 1327 4556 ¹577·
1982 4500 1985 4510 .

521 4607 569 4688 (b)
588 4605 691 4670 istoria
706 4601 739 4665 di
757 4598 866 4662 Totino
885 4593 924 4675 tp
938 4595 973 4656 tr.
994 4591 1060 4656 Lib·
1079 4591 1118 4653 V.
1135 4606 1197 4666 pag.
1218 4593 1282 4656 pet.
1383 4667 1387 4676 Ι
