3990 5490
477 545 554 652 234
689 545 1158 629 Muciumnon
1197 517 1585 613 Maroneum-‘-

507 773 725 867 iunocentii
755 777 827 867 W.
862 775 1013 864 Litora
1046 773 1188 887 quibus
1213 765 1420 871 Ecclesiam
1454 755 1525 849 88.
1544 744 1771 844 Trinitatis

761 941 973 1032 Mediolon.
1010 933 1256 1024 Humiliatis
1289 903 1531 1038 corfirmac'.
1827 927 1831 938 ·
1919 905 1943 972 t

670 1169 754 1224 asso.
775 1169 818 1212 ao.
837 1151 912 1226 Aug.
930 1149 976 1208 Ex
993 1147 1065 1210 Ball.
1082 1147 1191 1210 Minor.
1211 1144 1352 1209 Quaene.
1369 1135 1406 1199 T.
1423 1139 1451 1200 i.
1468 1153 1531 1214 pst·
1549 1152 1612 1204 stt.

541 1439 716 1542 Magistro
738 1443 775 1548 bt
797 1432 982 1516 Fratribus
1005 1427 1157 1506 Ordinis
1175 1423 1471 1502 Humiliatorum
1493 1422 1660 1501 Salutem
1679 1423 1718 1498 dt
1737 1421 1843 1514 Apo·

540 1565 703 1650 stolicam
726 1567 1050 1650 Benettutonem.
1090 1551 1240 1629 Cuma
1269 1545 1375 1622 nobis
1404 1545 1540 1644 petitur
1572 1541 1674 1644 quod
1699 1541 1839 1632 justum
1985 1587 1986 1592 Ν

437 1701 487 1783 est
515 1707 552 1782 ὅ(
581 1695 806 1789 honestum,
834 1711 911 1768 tarn
940 1688 1042 1782 vigor
1069 1675 1280 1778 equitatis,
1319 1692 1431 1774 quam
1456 1670 1551 1746 ordo
1578 1669 1695 1764 exigit
1723 1670 1837 1742 ratio·

438 1833 534 1921 nis,
571 1843 614 1901 ut
641 1845 704 1922 per
730 1814 1015 1892 sollicitudinem
1049 1801 1161 1880 officii
1191 1796 1304 1876 nostri
1331 1797 1388 1874 ad
1424 1795 1589 1874 debitunt
1625 1779 1838 1892 perducatur

438 1951 630 2031 effessum.
669 1945 768 2022 Sane
795 1933 908 2014 vestra
949 1931 1079 2031 petitio
1115 1925 1222 2002 nobis
1248 1924 1412 2002 exhibita
1453 1922 1708 2016 continebat,
1742 1917 1840 2022 quod

443 2071 675 2156 Venerabilis
701 2065 827 2142 Frater
854 2059 975 2138 noller
1002 2113 1012 2134 .
1039 2112 1050 2131 .
1075 2109 1085 2130 .
1111 2110 1122 2131 .
1148 2047 1758 2146 MediolaneufisArchiepiscopus
1782 2043 1838 2118 di·

435 2205 590 2304 ligenter
603 2195 822 2289 attendens,
846 2188 946 2290 quod
960 2177 1118 2260 Ecctefia
1140 2179 1208 2256 SS.
1219 2177 1416 2254 Trinitatis
1443 2195 1531 2251 tunc
1550 2173 1704 2250 Ordinis
1721 2173 1758 2249 S.
1772 2170 1839 2264 Be,

441 2325 574 2405 aedisti
604 2321 666 2397 fita
694 2319 795 2409 juxta
822 2311 1032 2392 suburbium
1056 2305 1175 2382 Portae
1197 2303 1361 2381 Cuman.
1381 2299 1552 2377 Civitatis
1572 2297 1836 2376 Mediolanen-

438 2455 484 2532 fis
511 2455 567 2541 (ι)
592 2437 710 2523 eidem
727 2437 1012 2537 Archiepiscopo
1037 2429 1250 2506 immediate
1278 2425 1458 2522 subsella,
1487 2447 1633 2526 propter
1655 2415 1838 2503 incuriam

441 2573 689 2652 habitantium
717 2568 756 2642 in
784 2565 913 2642 eadem
940 2559 1032 2635 adeo
1056 2576 1134 2632 erat
1162 2555 1201 2630 in
1231 2551 1474 2648 spiritualibus
1508 2557 1548 2632 &
1578 2552 1836 2652 temporalibus

439 2699 675 2792 deformata,
700 2689 800 2796 quod
827 2713 906 2764 nou
935 2701 1077 2786 poterat
1105 2682 1143 2756 in
1171 2681 1300 2755 ordine
1328 2675 1393 2755 suo
1431 2679 1630 2754 commode
1658 2676 1838 2756 reforma·

440 2824 500 2920 ri,
528 2819 724 2902 Ecclesiam
754 2815 865 2916 ipsam
891 2838 977 2890 cum
1000 2806 1158 2886 Ecclesia
1179 2805 1216 2882 S.
1230 2801 1360 2880 Mariae
1387 2802 1426 2877 in
1455 2801 1605 2903 Campo
1631 2805 1674 2882 ad
1702 2806 1835 2882 distant

441 2939 814 3034 Ecetefiam'srnuae
840 2941 1034 3022 Trinitatis
1067 2937 1180 3033 pleno
1218 2929 1295 3020 jure
1333 2925 1511 3026 spectante
1544 2925 1836 3008 Mediolanenfis

440 3073 623 3160 Diucesrs
659 3099 743 3150 curn
781 3065 958 3145 omnibus
990 3057 1158 3153 juribus,
1192 3049 1502 3154 possessionibus,
1538 3058 1576 3132 ὃς
1610 3056 1837 3154 pertinentiis

443 3207 548 3300 suis,
588 3219 695 3300 prout
723 3195 767 3272 ad
794 3191 965 3269 eumdem
992 3181 1170 3283 speuabrt
1198 3177 1558 3275 archiepiscopum,
1592 3179 1643 3256 sni
1672 3180 1837 3278 Capituli

289 3365 294 3374 ·
442 3331 635 3408 accedente
661 3316 865 3408 consensu,
892 3310 993 3388 robis
1018 3312 1056 3385 bt
1077 3303 1212 3416 Ordini
1239 3299 1538 3375 Humiliatorum
1564 3303 1668 3381 duxit
1699 3305 1838 3382 delibe-

442 3459 590 3534 ratione
619 3447 766 3548 provida
792 3433 1091 3524 conserendam,
1129 3427 1289 3503 statuens
1315 3449 1357 3504 ut
1384 3429 1482 3504 idern
1509 3427 1613 3504 Ordo
1640 3429 1831 3507 Humilia·

438 3600 564 3660 torum
585 3576 719 3652 ibidem
739 3563 917 3667 perpetuis
940 3553 1166 3654 temporibus
1186 3551 1450 3628 iuviolabiliter
1471 3549 1681 3628 observetur
1694 3609 1717 3646 2„
1728 3573 1840 3652 prout

442 3709 482 3786 in
513 3703 640 3780 litteris
667 3697 751 3772 inde
778 3683 951 3765 contrusa
985 3679 1128 3777 plenius
1168 3675 1298 3751 dicitur
1322 3677 1529 3751 contineri.
1569 3671 1701 3752 Vestris
1728 3677 1837 3778 igitur

437 3819 762 3928 supplicationibus
790 3806 981 3898 inclinati„
1006 3801 1106 3904 quod
1133 3798 1236 3896 super
1263 3797 1335 3874 hoc
1361 3797 1408 3873 ab
1433 3801 1563 3878 eodem
1581 3802 1832 3900 Archiepisco·

348 3963 351 3970 “
437 3979 487 4058 po
514 3951 663 4052 provide
689 3929 825 4020 sosium
849 3929 924 4026 est,
951 3950 1072 4006 ratum
1104 3929 1311 4022 &gratum
1339 3923 1541 4022 habentes,
1569 3929 1607 4004 id
1634 3931 1826 4008 rusiorita·

1756 4077 1792 4138 le

337 4355 343 4362 .
438 4309 480 4386 (ι)
500 4307 548 4367 De
568 4301 621 4361 bae
649 4293 868 4356 Humiliarorurn
891 4285 1006 4348 domo,
1030 4297 1062 4339 se
1084 4277 1120 4337 da
1193 4273 1325 4338 Eeelefiis
1343 4295 1476 4351 umquam
1495 4281 1526 4338 pn
1551 4282 1714 4344 mbffloffi
1745 4289 1838 4346 Am

439 4399 629 4466 :Eetlefiafl
655 4379 1116 4458 Martadecrrrpmquetnhts
1189 4375 1262 4436 libus
1285 4375 1356 4436 otd.
1380 4376 1408 4437 8.
1435 4380 1572 4442 &reditu
1599 4388 1839 4446 commemorari,

471 4505 566 4568 literis
592 4499 774 4558 nominator,
801 4487 887 4546 sumo
917 4481 973 4542 suit
1001 4480 1066 4538 vat.
1095 4479 1117 4536 s.
1191 4475 1273 4536 Forte
1290 4496 1347 4540 uon
1366 4480 1542 4544 mulroantea
1559 4481 1648 4546 sacrat
1665 4487 1840 4550 iisdemrou·

476 4617 610 4682 prum.
628 4597 723 4658 Miror
737 4601 832 4648 autem
849 4593 976 4642 neutram
990 4591 1027 4638 ox
1045 4573 1118 4636 bisse
1190 4573 1282 4636 cessa.

439 1311 751 1646 INnocentius
778 1309 976 1412 Episcopus
996 1305 1130 1382 Servus
1150 1301 1349 1380 Servorum
1370 1291 1444 1371 Dei
1460 1290 1614 1370 Dinnis
1639 1281 1742 1365 Filiis
1755 1340 1765 1363 .
1779 1339 1838 1366 ...
