4052 5486
492 529 574 588 uzo
731 511 1184 594 Hnsrtttttannu
1217 503 1590 582 Momentum·

448 635 576 718 officio
607 637 830 718 sedeloco
858 636 1083 739 praefuerunt
1117 633 1289 724 eisdem,
1326 649 1623 731 quantacumque
1659 622 1725 724 ipsi
1751 623 1852 704 Latet

449 761 597 840 suerint
622 764 845 842 sublimitate
870 763 1008 860 praediti
1042 761 1103 838 seu
1129 759 1264 836 virtute
1291 757 1473 855 preclari.
1513 757 1652 850 Digne.
1672 755 1793 854 itaque
1820 751 1848 830 st

435 909 513 988 ¹per
540 887 758 964 inconsultae
785 889 987 964 voluntatis
1014 886 1206 965 arbitrium
1240 882 1394 959 adhoc
1422 886 1635 980 prorumpat
1656 883 1846 961 temeritas
2001 893 2002 896 ’

448 1013 689 1111 aliquorum,
716 1035 755 1090 ut
783 1013 971 1089 honorem
997 1012 1161 1090 debiturn
1191 1007 1282 1084 uelit
1318 1006 1476 1083 adimere
1504 1005 1850 1086 Ministris-Domi·
2000 1041 2001 1068 r

449 1139 514 1232 ni,
541 1139 648 1215 debet
676 1137 836 1238 ipsorum
865 1137 1098 1234 praesumptio
1126 1157 1295 1236 prompta
1321 1135 1521 1214 resistentia
1546 1135 1749 1227 cohiberi‘,
1788 1155 1851 1227 per
2000 1195 2001 1204 r

445 1289 563 1366 quam
590 1263 752 1360 limpide
778 1266 915 1340 mentis
942 1263 1140 1364 agnoscant
1166 1262 1314 1355 oeulis,
1347 1265 1449 1362 quod
1474 1267 1566 1342 dum
1595 1262 1712 1340 Or'do:
1729 1259 1851 1338 Cleri·
2000 1283 2001 1288 ¹

448 1395 538 1470 ealis
563 1389 780 1481 extollitur,
804 1388 920 1463 divini
948 1389 1077 1485 gloria
1105 1389 1273 1464 nominis
1297 1386 1518 1466 deservitur.
1556 1389 1616 1467 Ex
1650 1411 1712 1466 tua
1730 1385 1849 1486 ‘siquis

448 1515 561 1608 dem,
588 1513 639 1588 fili
668 1509 878 1608 Magister,
915 1539 957 1590 ec
981 1514 1200 1590 dilcsiotum
1228 1511 1393 1589 filiorum
1418 1509 1678 1592 universorum
1702 1511 1854 1608 Praepo·
2002 1507 2003 1516 ’

450 1640 606 1718 sitorum
631 1635 785 1714 Ordinis
812 1639 865 1716 tui
893 1640 1073 1739 petitione
1097 1637 1340 1736 colligimus,
1367 1639 1478 1737 ¹<pund
1515 1641 1602 1714 licet
1628 1639 1678 1712 'iu
1714 1637 1851 1712 eodem
2002 1649 2003 1688 r

448 1759 592 1840 Ordine
621 1762 661 1838 srr
687 1759 889 1858 statutum,
915 1769 952 1842 dt
980 1789 1000 1839 a
1025 1766 1151 1860 longis
1178 1764 1406 1861 temporibus
1423 1761 1683 1854 observatum,
1700 1780 1749 1840 :ut
1764 1759 1850 1838 Cic·

449 1887 515 1964 rici
543 1885 701 1976 ejusdem
725 1887 853 1964 Laieus
881 1889 919 1962 in
946 1884 1132 1980 Ecclesia,
1154 1884 1356 1984 Capitulo,
1384 1885 1621 1982 Resedorio,
1649 1892 1686 1965 &
1715 1889 1851 1988 ubique

449 2015 680 2114 precedant,
706 2032 785 2089 orte
813 2031 939 2088 tamen
968 2012 1060 2088 inter
1074 2011 1240 2088 Clericus
1258 2014 1297 2090 dt
1317 2009 1448 2087 Laicus
1463 2014 1605 2088 'domus
1626 2011 1663 2086 S.
1677 2007 1848 2088 michae

447 2140 494 2218 iis
519 2140 565 2215 de
593 2138 815 2214 Alexandria
841 2141 896 2230 (t)
924 2135 1032 2234 ipsus
1051 2134 1205 2214 Ordinis
1229 2137 1454 2240 questione,
1480 2165 1549 2216 nos
1575 2138 1691 2237 ipsam
1718 2140 1768 2214 ad
1796 2162 1851 2236 pe·

447 2266 628 2344 titionem
655 2259 853 2340 Laicorum
881 2264 1017 2341 domus
1041 2262 1234 2358 ejusdem,
1257 2263 1473 2342 S..Andteae
1496 2270 1535 2346 dt
1559 2267 1606 2341 de
1624 2265 1759 2342 Gileto
1779 2265 1850 2340 Ab·
2003 2279 2004 2298 ¹

449 2393 592 2472 batibus
616 2385 863 2467 cislerciensis
886 2387 1063 2480 Ordinis,
1098 2385 1355 2484 Januenfisn
1379 2388 1563 2491 Aquensis
1589 2387 1767 2466 Dioecefis
1792 2395 1846 2482 (2)

444 2514 706 2594 eommifimus
731 2511 1033 2598 terminandam
1070 2511 1132 2608 qui
1158 2530 1292 2588 contra
1322 2510 1456 2588 statuta
1492 2511 1631 2612 praefati
1657 2517 1711 2594 tui
1732 2515 1844 2594 Ordi·

447 2644 507 2722 nis
534 2644 749 2734 venientes,
776 2664 839 2738 per
865 2637 1031 2736 iniquam
1056 2633 1285 2712 definitivam
1313 2634 1537 2718 sententiam
1575 2642 1843 2739 decreverunt,

442 2762 699 2867 quod--sratres
728 2761 898 2860 predicte
926 2758 1079 2836 Domus
1102 2757 1234 2837 Clerici
1263 2763 1319 2836 vel
1339 2759 1475 2857 Laici,
1508 2769 1572 2866 qui
1607 2771 1704 2865 prius
1730 2769 1842 2847 Ordi-

444 2917 534 2968 nem
562 2886 1038 2988 intraverunt,praecedant
1065 2887 1179 2976 alios3
1206 2889 1476 2986 propterquod
1503 2914 1611 2985 grave
1639 2898 1677 2971 in
1706 2900 1837 2976 eodem

442 3015 588 3090 Ordine
612 3013 827 3090 scandalum
853 3031 1072 3108 generatur.
1112 3009 1214 3086 Cum
1247 3029 1371 3089 autern
1408 3015 1447 3086 in
1475 3017 1610 3092 tundis
1634 3019 1839 3100 Ordinibus

444 3142 564 3239 rigere
591 3163 741 3235 pacem,
767 3141 802 3214 dt
832 3133 959 3210 serrari
986 3133 1225 3210 concordiam
1252 3137 1472 3230 cupiamus,
1498 3143 1597 3240 quod
1624 3143 1836 3234 hujusmodi

443 3261 627 3338 sententia
655 3285 733 3334 non
761 3257 952 3346 obstante,
978 3251 1169 3352 praefatum
1197 3253 1371 3334 statutum
1398 3263 1437 3337 in
1466 3267 1595 3344 eadem
1623 3273 1766 3368 domo,
1797 3299 1838 3352 ae

444 3388 527 3460 aliis
551 3383 729 3461 universrs
763 3386 801 3460 bt
827 3379 982 3476 singulis
1020 3373 1178 3470 ejusdem
1204 3380 1389 3485 Ordinis,
1428 3390 1537 3470 facias
1575 3399 1844 3479 inviolabiliter
1954 3389 1960 3408 ⁹

440 3512 649 3606 obseruari,
674 3509 961 3586 contradiuores
988 3531 1052 3601 per
1076 3503 1263 3586 censuram
1279 3510 1562 3598 Ecclefiassicam
1591 3527 1839 3622 appellatione

438 3635 635 3738 postposita
659 3627 950 3730 compescendo,
978 3632 1042 3708 tibi
1070 3635 1285 3712 auaorrrare
1312 3638 1542 3735 presentium
1570 3651 1828 3750 indulgemus.

436 3765 542 3842 Nulli
570 3785 655 3861 ergo
682 3758 843 3834 omnino
871 3756 1074 3830 hominum
1100 3756 1205 3834 liceat
1233 3764 1407 3857 paginam
1449 3767 1547 3846 hanc
1586 3777 1714 3852 nollrae
1743 3804 1830 3854 con·

435 3889 603 3968 cessionis
629 3883 855 3985 infringere,
884 3885 940 3958 vel
969 3885 1002 3957 ei
1030 3879 1118 3958 ausu
1145 3889 1339 3962 temerario
1366 3896 1574 3972 contraire.
1601 3901 1638 3974 Si
1663 3906 1746 4002 quis
1767 3929 1837 3980 au·

437 4035 517 4094 tem
555 4015 630 4088 hoc
666 4030 846 4088 attentare
885 4003 1187 4104 presumpserit,
1229 4011 1527 4111 indignationem
1567 4028 1837 4126 omnipotentis

633 4251 635 4256 Ι
1678 4152 1783 4248 Dei,

457 4285 1835 4328 &mm—..-

434 4377 477 4462 ω
507 4375 554 4436 Β,
581 4373 632 4432 520
656 4371 873 4432 nominatorum
909 4365 996 4428 domo
1016 4367 1122 4442 egimus
1194 4369 1291 4442 quinto
1315 4371 1422 4433 circiter
1444 4376 1614 4443 aGenuerrti
1635 4381 1700 4438 urbe
1729 4383 1835 4456 lspivle·

475 4475 534 4546 sup.
552 4491 615 4548 pag.
636 4483 679 4530 ar,
1157 4537 1161 4542 Ι
1197 4465 1306 4526 consule
1321 4488 1378 4543 que
1396 4471 1518 4536 ‹luttrnus
1536 4475 1630 4538 vult
1662 4481 1830 4544 Drssett.lll

435 4575 549 4651 (²)Dc
568 4573 596 4634 8.
608 4557 724 4634 Anares
741 4561 960 4630 Crslereinrsiunr
969 4561 1125 4634 Coenobio,
1199 4579 1273 4624 nurn.
1293 4585 1334 4624 ιι.
