4008 5494
471 538 547 634 316
673 529 1145 611 ,Huurnrrrorou
1180 517 1544 598 Mounueurn

417 659 634 738 sudoritate
662 653 858 754 apostolica
884 649 1119 730 statuendum
1146 647 1227 738 (r),
1265 663 1305 726 ut
1349 644 1388 716 in
1412 636 1590 736 'predidio
1619 627 1749 708 ordine
1778 625 1821 706 fit

420 809 515 876 unus
541 781 742 884 magister,
780 784 842 882 qui
870 779 992 858 ordini
1020 770 1194 854 universo
1222 767 1416 852 intendere
1441 764 1604 855 debeat,
1631 761 1677 852 dr
1701 760 1819 832 etiam

417 909 698 1014 providere,''ae
723 905 902 986 universrs
926 903 1100 984 domibus
1126 899 1234 1000 priori
1262 920 1303 974 ac
1322 893 1468 981 secundi
1490 885 1657 977 ordinis,
1681 888 1823 960 &eon-

420 1038 594 1120 ventibus
621 1034 719 1112 tertii
743 1031 912 1123 ordinis,
937 1027 998 1106 ubi
1027 1051 1087 1126 per
1114 1024 1150 1104 se
1174 1018 1294 1124 ipsum
1323 1021 1482 1122 potuerit
1502 1037 1535 1112 ,·
1553 1009 1720 1114 quolibet
1756 1029 1827 1086 ans

421 1187 556 1258 no,ao
582 1185 643 1258 per
670 1158 822 1238 idoneas
849 1154 1019 1252 personas
1044 1151 1173 1228 eledas
1207 1151 1249 1226 in
1268 1149 1429 1247 capitulo
1457 1135 1825 1244 generali,offieium

422 1287 649 1366 vifirrrtonis
676 1280 892 1380 impendet,
917 1281 955 1358 dt
981 1303 1051 1379 que
1078 1273 1268 1353 llaruenda
1284 1275 1354 1350 ⁴rel
1379 1267 1599 1366 corrigenda
1626 1265 1825 1362 repererit,

419 1414 554 1494 llatuat
580 1415 618 1492 dt
643 1407 841 1498 emendet,
862 1400 1071 1495 secundum
1099 1399 1230 1480 Deum
1261 1403 1299 1480 dr
1324 1392 1484 1486 ejusdem
1512 1389 1654 1476 ordinis
1681 1382 1829 1462 institu-

423 1560 464 1622 ta
492 1564 553 1639 per
579 1536 700 1620 sedent
728 1529 965 1632 apostolicam
993 1529 1215 1631 approbata3
1245 1527 1350 1616 cujus
1376 1525 1597 1617 clodionem
1623 1519 1659 1593 dr
1686 1511 1829 1612 depos·

424 1667 573 1748 tionem
600 1663 645 1744 sd
672 1683 763 1751 eos,
787 1656 848 1754 qui
875 1653 1292 1752 diffinitores'appellati
1335 1651 1382 1743 od
1409 1650 1481 1723 hoc
1509 1649 1549 1720 in
1575 1643 1738 1740 capitulo
1766 1665 1828 1736 ges

417 1793 542 1876 nenti
569 1787 671 1866 elesii
697 1781 838 1860 suerint
874 1779 1076 1856 sennodum
1112 1797 1281 1856 tenorem
1320 1775 1601 1852 institutionum
1623 1767 1830 1844 'vestrarum

423 1915 526 1992 idem
554 1905 773 2010 predecessor
801 1900 924 1978 noller
951 1903 1070 1978 voluit
1097 1902 1312 1998 pertinere;
1351 1899 1522 1998 quodqm
1559 1919 1605 1974 ex
1637 1913 1725 1972 tunc
1750 1896 1827 1972 ele·

423 2041 564 2120 diones
589 2031 848 2134 Magistrorum
876 2025 1038 2117 eiusdem
1066 2025 1211 2100 ordinis
1248 2023 1295 2100 ad
1319 2020 1521 2120 Magistetii
1561 2024 1727 2120 regimen
1752 2020 1826 2095 ele·

426 2169 574 2254 &orum
591 2161 813 2255 audioritate
840 2153 995 2254 predide
1022 2149 1111 2226 sedis
1137 2167 1238 2225 extra
1263 2148 1482 2228 Romanam
1509 2146 1662 2224 Curiam
1687 2142 1825 2221 confrr-

425 2311 529 2376 mato
557 2287 745 2378 suerunt,
782 2281 891 2356 nullo
926 2273 1088 2373 ipsorum
1116 2294 1261 2372 propter
1298 2273 1373 2352 hoe
1412 2277 1457 2350 sd
1493 2272 1666 2348 eamdem
1705 2268 1828 2346 sedern

425 2413 673 2516 personaliter
710 2407 925 2486 snoedente.
965 2393 1089 2494 Qpape
1127 2397 1235 2474 nobis
1268 2397 1461 2476 humiliter
1498 2392 1752 2494 supplicastis,
1787 2409 1830 2471 ut

427 2567 518 2624 cum
544 2537 648 2618 uobis
676 2555 755 2609 non
784 2529 827 2606 su
852 2525 993 2621 facile,
1031 2524 1206 2626 quotiens
1243 2525 1342 2615 idem
1370 2521 1542 2622 Magister
1574 2521 1727 2617 eligitur
1762 2544 1831 2619 pro

428 2662 543 2763 ipsius
569 2658 758 2738 eledionis
782 2649 1073 2730 confirmatione
1099 2649 1144 2724 ad
1170 2648 1366 2745 predislam
1393 2644 1511 2722 sedern
1537 2699 1550 2740 ,
1588 2671 1610 2722 a
1636 2671 1708 2748 qua
1734 2701 1746 2743 ‚
1784 2665 1827 2726 ut

427 2789 684 2896 premittitur,
709 2783 890 2878 dependet
915 2773 1127 2866 hujusmodi
1154 2769 1419 2867 confirmatio,
1445 2771 1633 2866 laborare,
1659 2775 1828 2870 provide·

427 2944 470 3000 re
498 2915 600 2996 vobis
626 2908 731 3009 super
758 2905 830 2986 boe
859 2905 905 2980 de
943 2899 1175 2995 benignitate
1202 2895 1398 2994 apollolica
1435 2894 1703 2992 dignaremur.
1743 2897 1827 2976 Nos

428 3045 545 3144 igitur
569 3062 632 3140 qut
659 3037 799 3112 dillum
824 3028 997 3107 ordinem
1026 3020 1164 3098 sincera
1189 3020 1380 3118 diligimus
1405 3020 1444 3096 in
1471 3023 1632 3098 domino
1650 3023 1829 3116 caritate,

417 3173 473 3252 'in
499 3191 610 3272 quem
637 3161 778 3250 etiarn,
803 3153 894 3230 dum
921 3145 1076 3226 essemus
1103 3147 1143 3220 in
1171 3143 1311 3220 minori
1338 3139 1457 3219 offitio
1486 3144 1671 3224 constituti
1698 3144 1831 3247 spetia-

431 3298 479 3378 lis
505 3289 702 3378 habuimus
737 3275 946 3359 diledlionis
969 3268 1178 3363 effebum,
1217 3265 1384 3368 premissa
1422 3293 1549 3348 mente
1577 3273 1679 3368 vigili
1706 3293 1829 3350 atten-

427 3425 597 3514 derim,
636 3425 677 3493 ar
703 3410 873 3487 volentes
899 3398 1003 3478 uobis
1028 3415 1178 3496 paterne
1205 3395 1462 3476 sollicitudinis
1488 3395 1831 3480 studio-consulere

427 3549 474 3636 in
501 3544 570 3626 hae
597 3557 724 3642 parte,
750 3528 873 3608 velitis
899 3518 1221 3624 supplicationibus
1245 3521 1441 3616 inclinari,
1468 3523 1695 3621 presentium
1723 3528 1838 3606 vobis,

430 3669 652 3758 undositate
678 3658 946 3746 eunomianus,
978 3651 1078 3756 quod
1105 3651 1205 3726 idem
1232 3647 1401 3750 magister
1426 3673 1511 3729 cunr
1541 3655 1835 3740 unanimiter&

430 3793 663 3878 concorditer
704 3784 837 3864 clodus
868 3775 1013 3871 suerit,
1049 3773 1161 3852 libere
1187 3775 1450 3870 administret,
1486 3778 1697 3858 dummodo
1732 3783 1830 3862 nihil

429 3917 477 3998 de
502 3915 613 3998 bonis
639 3906 878 3993 ecclesiasticis
905 3905 1073 3996 alienet,
1110 3899 1230 3976 donec
1264 3902 1413 4000 petendi
1440 3905 1477 3980 du
1504 3901 1701 3984 obtinendi
1737 3935 1831 3990 con.

430 4043 684 4131 firmationem
711 4064 732 4117 ι
758 4033 838 4115 sede
857 4017 1017 4134 'predida
1031 4083 1043 4122 ,
1072 4028 1127 4103 uel
1152 4023 1197 4104 ab
1224 4026 1395 4122 alin,eui
1410 4024 1483 4103 hoc
1507 4023 1621 4108 suerit
1648 4059 1711 4132 per
1731 4061 1831 4116 eam.

430 4175 519 4256 dem
545 4160 813 4256 commissum,
849 4155 1017 4236 babuerit
1044 4149 1281 4231 facultatem.
1324 4149 1430 4230 Nulli
1457 4179 1544 4256 ergo
1571 4160 1734 4238 omnino
1762 4165 1838 4242 iro·

429 4298 585 4386 minum
612 4291 717 4375 llceat
743 4287 842 4366 hane
867 4284 1044 4384 paginam
1071 4279 1192 4358 nostre
1226 4276 1467 4358 eoneeffionis
1501 4279 1735 4387 infringere,
1771 4295 1837 4373 rel

1748 4419 1785 4494 ei

441 4561 920 4662 sublimarentur.
