4032 5482
516 540 589 620 144
742 521 1187 610 Humerasonurr
1226 528 1607 616 Monnnsnnt'.

469 647 575 723 &de
601 645 763 746 Laude,
794 681 953 754 quotum
982 655 1134 753 lingulis
1159 661 1267 734 annis
1301 661 1433 762 singuli
1461 657 1675 752 succellire,
1702 659 1860 738 nnovi·

467 771 598 850 delicet
622 791 736 852 ‘enno
769 801 895 871 unus,
934 777 1094 858 secundo
1132 782 1340 880 secundus,
1377 789 1487 864 tertio
1520 789 1683 876 tertius,
1721 803 1859 884 quarto

470 915 619 992 quartus
642 899 821 996 univcrfis
846 903 1017 984 domibus
1043 906 1165 984 vestro
1192 911 1420 1008 professionis
1445 914 1609 992 officium
1644 909 1864 995 visitationis

469 1025 712 1122 impendant,
737 1029 775 1103 ἃ
800 1049 880 1125 quo
905 1026 1096 1113 statuenda
1121 1037 1179 1112 vel
1205 1038 1420 1132 corrigenda
1448 1038 1674 1137 repererint,
1699 1032 1863 1110 statuant

467 1150 505 1224 dt
539 1150 774 1248 emendent,
807 1154 1005 1233 secundum
1042 1156 1245 1241 Deum&
1280 1159 1560 1238 vestriordinis
1599 1159 1766 1239 inllituta
1804 1179 1866 1254 pes

467 1271 588 1354 sedern
615 1273 883 1373 Apostolicant·
904 1284 1134 1378 approbata,
1167 1275 1422 1382 dispositiones
1448 1291 1485 1364 dt
1522 1285 1735 1385 potestatem
1764 1282 1867 1380 super

469 1398 638 1506 minores
664 1399 873 1498 praepositos
899 1403 1144 1503 obtinentes,
1180 1409 1270 1490 sicut
1307 1410 1347 1484 in
1373 1408 1600 1504 Cisterrienfi
1626 1410 1769 1488 Ordine
1795 1408 1867 1508 Pa,

470 1545 542 1602 tres
571 1525 731 1610 Abbates
756 1534 797 1608 in
825 1532 1030 1612 minoribus
1056 1535 1321 1617 consueverunt
1348 1541 1551 1618 Abbatibus
1577 1538 1868 1650 obtinerem),

467 1651 543 1750 Ipsi
570 1679 720 1755 quoqne
753 1681 839 1734 cum
865 1683 1023 1759 quatuor
1054 1661 1099 1736 de
1127 1666 1281 1760 praelatis
1307 1661 1451 1740 secundi
1484 1661 1673 1755 Ordinis,
1705 1666 1742 1740 ds
1770 1659 1861 1748 toti·

469 1780 558 1856 dem
585 1783 682 1858 tertii
709 1781 859 1884 lingulis
885 1791 994 1864 annis
1019 1787 1064 1862 ad
1100 1787 1227 1860 minus
1252 1787 1468 1884 Capitulum
1501 1804 1716 1864 convocent
1747 1803 1867 1882 genes

469 1907 580 1999 sale,
606 1907 646 1982 in
672 1933 747 2008 quo
774 1914 823 1995 ea'
841 1931 921 2008 quo
955 1907 1001 1984 od
1026 1903 1331 1986 reformationem
1353 1907 1557 2002 „aarum
1590 1912 1628 1988 dt
1661 1905 1869 2005 profertum

472 2029 686 2128 Religionis
711 2029 837 2108 vestro
858 2033 1076 2128 pertinent,
1108 2029 1186 2110 fine
1218 2033 1465 2110 contentione
1489 2030 1683 2132 qualibet,
1716 2028 1868 2113 salubri,

446 2173 522 2261 ,ter
543 2209 554 2248 ,
579 2159 617 2234 dt
642 2157 782 2232 utiliter
807 2155 973 2234 lludeant
1010 2156 1222 2252 pertradare
1242 2208 1256 2248 ,
1280 2157 1334 2232 de
1370 2144 1632 2254 temporalibus
1657 2153 1860 2238 Clerici&

466 2274 567 2354 Laici
597 2279 756 2374 pariter,
788 2281 834 2358 dc
870 2278 1109 2378 spiritualibus
1130 2303 1256 2371 aero,
1288 2277 1417 2378 qulbus
1444 2277 1544 2354 Ltici
1572 2277 1735 2356 interelse
1772 2301 1864 2357 non'

465 2404 638 2506 debent,
680 2419 827 2479 rantum
855 2403 988 2484 Clerici
1021 2400 1282 2500 disponentes.
1324 2397 1438 2496 Qrod
1471 2400 1499 2476 li
1535 2401 1665 2500 aliquis
1697 2423 1744 2478 ex
1773 2426 1858 2502 qua·

466 2551 551 2607 tuor
577 2525 777 2628 majoribus
805 2523 1000 2623 praepositis
1029 2525 1163 2623 aliquid
1187 2523 1285 2600 sorte
1307 2521 1565 2616 commiserit,
1590 2529 1662 2620 {per
1687 2524 1791 2624 quod
1814 2523 1861 2600 ab

465 2648 784 2736 administratione
809 2647 853 2724 fit
879 2649 1013 2724 merito
1041 2647 1311 2741 removendus,
1337 2673 1358 2722 a
1387 2647 1501 2724 tribus
1527 2651 1676 2749 reliquis
1700 2649 1861 2746 deporta.

466 2793 546 2852 tur.
573 2773 747 2850 Obeunte
774 2799 894 2866 nero,
921 2777 978 2848 vel
1006 2773 1217 2868 regulariter
1243 2788 1375 2846 amoto
1401 2772 1592 2871 praeposito
1627 2772 1780 2864 alicuius
1804 2798 1856 2860 ec,

463 2897 655 2975 clefiarutn
684 2896 882 2974 vestrarum
905 2951 918 2990 ,
945 2899 1069 2972 nullus
1095 2897 1153 2972 illi
1176 2897 1337 2994 qualibet
1375 2895 1611 2995 surreptionis
1645 2898 1778 2978 astutia
1803 2896 1862 2980 seu

466 3028 648 3102 violentia
674 3041 938 3124 proponatur,
974 3020 1034 3098 sed
1065 3023 1113 3098 dc
1146 3023 1343 3099 communi
1380 3020 1730 3128 fratruchonlilio
1766 3029 1857 3102 ultus

458 3147 624 3228 sratrum
641 3147 750 3250 ¹quast
776 3145 913 3224 arbiter
936 3144 1159 3242 assumatur,
1185 3145 1247 3249 qui
1274 3169 1345 3225 tres
1370 3175 1417 3226 ex
1441 3145 1616 3228 iratribus·
1637 3153 1856 3235 duosssridt·

412 3262 416 3270 ’
466 3279 552 3379 licet
576 3276 747 3366 clericos,
771 3278 809 3350 dc
835 3273 951 3348 alium
975 3253 1129 3349 ¹fratrem
1147 3254 1316 3372 'probatae
1344 3275 1425 3350 ritae
1451 3279 1708 3374 &religionis
1733 3301 1859 3378 expet,

470 3421 516 3480 tet
546 3401 717 3476 nominet
743 3397 947 3489 elesiores,
978 3397 1040 3498 qui
1066 3396 1240 3475 triduano
1264 3417 1344 3478 tam
1370 3397 1433 3476 libi
1465 3421 1578 3500 quarn
1614 3421 1696 3508 toro
1722 3403 1848 3481 Colle·

462 3529 528 3624 gio
556 3517 694 3600 indidio
719 3501 858 3614 ieiunio
879 3577 891 3614 ,
916 3523 953 3598 δι
978 3518 1024 3596 ab
1049 3523 1156 3598 omni
1181 3524 1477 3620 congregatione
1505 3515 1679 3622 pe'rado,
1703 3519 1856 3604 sr'atrunt

465 3647 504 3736 dt
532 3655 701 3732 sororum
730 3655 939 3728 voluntates
965 3649 1179 3745 inquirant,
1205 3652 1242 3724 dt
1268 3633 1361 3726 tund
1383 3647 1422 3722 in
1441 3671 1560 3747 ‚quern
1583 3647 1741 3726 universi
1758 3675 1849 3726 con·

466 3779 619 3872 sensus,
655 3779 712 3852 vel
746 3772 895 3862 maioris
923 3773 1031 3868 partis
1061 3771 1280 3876 consiliis&
1313 3773 1491 3867 senioris,
1526 3773 1728 3874 secundum
1762 3772 1853 3852 arbi·

465 3909 580 3985 trium
608 3903 860 3992 eorumdem,
894 3917 984 3974 vota·
1007 3887 1282 3991 convenerint,
1315 3899 1405 3975 dum
1436 3917 1570 3974 tamen
1597 3899 1640 3976 'fit
1666 3899 1851 4001 Clericus,

465 4011 506 4110 in
543 4020 782 4145 'pr'aeposrtum
817 4019 882 4100 fibi
917 4025 1057 4121 eligant
1091 4027 1128 4102 ἀ
1163 4025 1386 4122 prolatum:
1420 4013 1554 4104 clenni
1586 4033 1673 4106 ve'ro
1698 4011 1719 4109 a
1743 4019 1853 4208 gibus

1725 4155 1743 4208 r
1779 4156 1810 4205 s·
1882 4187 1888 4202 .

463 4389 523 4461 (rr)
542 4391 650 4450 Mirum
669 4405 726 4446 non
743 4385 783 4445 ess
801 4383 1028 4445 Cistetcienfium
1047 4353 1141 4445 exem·
1191 4343 1399 4444 ¹Cerretensem
1417 4380 1777 4452 Abbntts,·sthinetlnm
1788 4383 1850 4444 llu·
1898 4380 1904 4388 '

498 4489 574 4562 plum
591 4485 695 4544 afferri.
709 4483 840 4544 Vidimus
856 4484 930 4541 enim
945 4483 1137 4546 Cilierclenlts
1196 4481 1382 4540 milistorurn
1407 4478 1478 4555 leges
1496 4519 1507 4549 ,
1527 4479 1702 4551 ,inmeentio
1725 4481 1854 4575 imore,

498 4603 553 4647 tres
571 4585 727 4645 Monechos
744 4624 754 4655 ,
772 4581 969 4645 Lueedienseot
987 4583 1142 4642 scilicetne
1213 4577 1388 4654 expendisse.
