4020 5490
480 566 611 648 3541
697 543 1158 628 liuuentarotntt
1190 533 1555 618 Mounuettra

466 801 668 896 Benedicti
696 803 773 895 Xl.
800 805 953 894 Litera
985 805 1031 890 de
1059 797 1281 888 obedientia
1315 796 1366 886 ab
1393 782 1633 880 Humiliatss
1667 745 1816 880 dernur-

455 971 463 1090 J
502 949 503 954 i
657 967 910 1088 uJoannts
945 963 1166 1062 Alexandr.
1198 957 1394 1084 Magistro
1428 950 1617 1043 uenerati

1019 1123 1273 1248 pressanda.

729 1429 732 1434 .
896 1353 1444 1454 »retransmisissem
1576 1377 1581 1388 ·

438 1561 767 1889 BEnedidns
787 1571 992 1676 Episcopus·
1015 1573 1138 1652 servus
1160 1567 1351 1648 servorum
1373 1561 1454 1644 Dei
1478 1559 1618 1645 ditetis
1640 1559 1729 1640 filiis
1753 1559 1841 1646 Mt·

590 1707 727 1802 gislro,
757 1703 978 1804 Prepofitis,
1000 1696 1152 1776 Prelatis
1173 1750 1185 1790 ,
1210 1688 1416 1793 'ceterisque
1442 1687 1615 1769 fratribus
1637 1691 1679 1767 dt
1704 1687 1839 1778 sorori-

591 1829 657 1906 bus
681 1829 837 1906 Ordinis
859 1828 1162 1904 Humiliatorum
1186 1823 1233 1899 ad
1259 1823 1480 1901 Romanam
1498 1817 1700 1900 Ecclesiam
1729 1819 1840 1894 nullo

439 1953 569 2034 medio
595 1955 813 2050 pertinentis
841 1951 997 2040 salutern
1031 1955 1072 2030 dt
1095 1945 1351 2049 Apostolieam
1374 1943 1708 2026 benedistionem.'
1728 1939 1843 2024 Osdi·

440 2101 530 2152 nem
558 2074 716 2157 velitum
743 2101 807 2176 per
834 2079 936 2154 illius
959 2076 1150 2174 gratiam,
1181 2073 1249 2176 qui
1272 2071 1487 2150 humiliavit
1512 2067 1747 2172 semetipsum
1774 2099 1842 2174 pro

438 2201 587 2296 sitibit,
620 2203 658 2278 in
687 2201 901 2281 humilitate
926 2195 1130 2278 fundatum
1155 2197 1317 2297 paternis
1342 2191 1532 2276 affefflbus
1555 2195 1842 2302 prosequentes,

435 2329 596 2426 pibenter
618 2327 727 2406 illum
754 2327 882 2426 gratiis
906 2325 1107 2424 condignis
1127 2325 1365 2420 attollimus,
1382 2347 1433 2403 ex
1451 2324 1585 2425 quibus
1604 2323 1718 2402 slatus
1736 2325 1844 2428 ipsius

433 2453 611 2530 debono
636 2451 778 2550 semper
804 2453 846 2528 in
872 2450 1010 2526 melius
1032 2467 1237 2548 augeatur.
1258 2445 1430 2527 Ponam
1455 2447 1634 2552 siquidem
1661 2451 1842 2534 nobiter

436 2595 543 2677 parte
568 2575 684 2652 velita
710 2575 844 2675 petitio
866 2573 1225 2676 continebat,quod
1247 2575 1335 2652 linet
1357 2571 1476 2652 felicis
1498 2577 1846 2660 recordationisse-

436 2705 633 2779 nocentius
659 2727 749 2800 papa
775 2698 854 2777 lll.
879 2698 1100 2798 predecessor
1118 2697 1243 2780 noster
1263 2700 1411 2778 duxerit
1436 2698 1703 2800 stertentum,
1728 2703 1772 2784 ut
1796 2709 1839 2788 in

435 2829 569 2907 eodem
596 2829 732 2902 ordine
757 2846 919 2924 quatuor
940 2823 1056 2904 essent
1090 2824 1266 2926 prepositi
1291 2825 1543 2925 principales,
1578 2855 1741 2932 quorum
1765 2833 1841 2914 fin·

435 2958 514 3056 guli
539 2956 649 3030 annis
674 2953 832 3051 fingnlis
854 2950 1040 3030 sttcceffise
1063 2949 1245 3030 univerfis
1260 2951 1435 3032 domim
1454 2951 1687 3054 professoris
1703 2983 1837 3040 eorum

435 3077 598 3156 officinm
635 3075 858 3154 visitationis
893 3079 1196 3176 impenderent,
1226 3081 1270 3157 dt
1297 3079 1458 3158 eleisum
1489 3079 1539 3158 ad
1570 3081 1835 3185 preposituram

437 3206 592 3284 alieuius
615 3201 862 3281 Ecclesstrtttn
887 3203 973 3280 dissi
997 3201 1152 3282 Ordinis
1176 3205 1454 3304 approbarent,
1480 3211 1520 3288 dt
1543 3211 1678 3289 exinde
1701 3237 1834 3315 prepo-

438 3327 665 3424 sitos,'ctrm
692 3325 789 3405 soret
814 3327 1038 3428 expediens,
1059 3347 1295 3406 removerent
1322 3337 1411 3426 (t);
1444 3335 1681 3432 postmodum
1709 3358 1837 3420 tamen

440 3458 502 3553 pie
527 3459 709 3533 memorie
735 3453 983 3530 Innorentiur
1014 3477 1104 3550 papa
1134 3449 1230 3530 1111.
1255 3455 1477 3553 predecessor
1509 3461 1668 3558 nosser‘,
1704 3469 1836 3544 uolens

435 3585 559 3659 eidem
583 3584 710 3658 ordini
738 3607 863 3680 pacem
888 3584 927 3660 ὅ(
952 3581 1115 3678 quietem
1149 3599 1298 3678 paterne
1321 3584 1513 3680 diligentie
1545 3588 1665 3666 ssndio
1703 3619 1833 3689 procu.

432 3733 549 3803 rare,
577 3729 624 3786 ut
651 3707 751 3810 quasi
778 3729 896 3784 unum
920 3730 1057 3804 eorpus
1079 3729 1200 3784 unum
1225 3731 1331 3806 eaput
1357 3711 1546 3808 haberet,
1580 3716 1744 3796 noscitur
1765 3723 1835 3800 sla·

432 3835 565 3931 tuisse,
589 3859 632 3913 ut
660 3839 701 3912 io
729 3832 888 3932 predisio
913 3831 1045 3924 ordine
1070 3827 1115 3908 sit
1150 3845 1250 3909 uotis
1274 3837 1467 3937 magister,
1484 3840 1547 3938 qni
1575 3842 1750 3921 ttnitterso
1774 3873 1837 3924 or·

436 3967 522 4044 dini
548 3965 733 4064 provideat
759 3968 798 4042 dt
826 3961 1021 4056 intendat,
1051 3961 1231 4038 universis
1254 3991 1401 4067 quoque
1423 3971 1599 4050 domibus
1621 3965 1715 4054 dius
1733 3981 1832 4058 ordi-

436 4096 522 4189 nis,
543 4092 606 4169 ubi
636 4117 699 4190 per
725 4089 759 4167 se
786 4089 903 4188 ipsum
930 4089 1115 4187 potuerit,
1138 4089 1306 4186 quolibet
1333 4115 1463 4188 anno,
1483 4115 1546 4171 aut
1572 4123 1634 4196 per
1660 4099 1831 4196 personas
1886 4157 1888 4162 -

431 4221 588 4298 idoneas
614 4221 651 4293 in
676 4213 857 4312 Capitulo
882 4215 1048 4308 generali
1074 4213 1227 4305 elesias,
1253 4212 1416 4291 officium
1444 4217 1664 4297 visitationis
1688 4225 1831 4320 impen-

427 4349 529 4454 dat3
566 4345 737 4442 idemque
764 4337 943 4438 Magister
968 4335 1187 4418 visitationis
1219 4342 1257 4420 st
1281 4345 1518 4424 corresiioois
1553 4345 1658 4450 super
1682 4357 1828 4430 univer-

1342 4551 1346 4560 .
1576 4499 1582 4508 ‘
1640 4473 1647 4484 ’
1701 4477 1782 4558 snm

439 4625 540 4704 tntu·
557 4629 614 4704 un
631 4640 696 4701 tva
712 4637 774 4693 ἰι
