3978 5484
460 513 507 594 88
686 521 1015 604 Drssrurmtours
1044 547 1215 603 smmum
1243 522 1343 604 Puris
1371 515 1524 604 irretio

414 641 616 739 superfuit.
654 645 830 724 Baldariae
866 673 952 726 vero
978 653 1110 725 domus
1132 705 1142 743 ‚
1168 653 1233 749 qui
1261 648 1487 725 Veroneniie
1509 647 1586 748 egri
1609 701 1621 740 ,
1648 644 1709 722 sed
1734 643 1810 720 Vi·¹

414 773 572 846 centinae
591 763 819 850 dioecesrs'est
842 799 977 874 pagus,
1002 781 1040 851 in
1064 777 1241 854 Comiriie
1267 797 1327 849 an.
1353 769 1643 854 MCCCCXCI.
1664 773 1811 846 mentio

413 897 598 972 occurrit:
622 905 684 972 Fr.
711 904 1000 980 Beltramiuurde
1027 905 1150 977 Meitio
1175 909 1209 973 S.
1232 904 1286 990 Jo.
1311 897 1464 999 Bepriliae
1490 899 1527 972 de
1553 896 1715 972 Valdm'a
1740 897 1803 970 Vi-

415 1021 547 1096 emrinae
574 1022 677 1095 Dioec.
705 1029 912 1124 Praeposstur.
941 1027 992 1104 At
1013 1027 1254 1122 Hieronymo
1281 1023 1496 1102 Laudriano
1516 1021 1695 1102 Generui
1723 1019 1811 1097 Hu-·

414 1149 645 1222 miliatorum
672 1143 876 1243 Magistro,
901 1170 942 1225 ut
963 1145 1071 1225 refert
1093 1150 1132 1224 in
1155 1147 1220 1226 suo
1240 1145 1379 1224 Codice
1408 1149 1619 1224 Advocatue
1645 1167 1727 1243 pag.
1746 1141 1810 1218 ⁶8.

416 1277 453 1346 dr
485 1289 526 1366 13
533 1289 591 1365 3.‚
615 1267 820 1346 Canonicis
843 1273 979 1370 Regui.
1002 1273 1038 1349 S.
1059 1273 1216 1369 Georgii
1241 1273 1280 1348 in
1302 1275 1401 1370 Aiga
1420 1267 1583 1346 couceiia
1602 1267 1679 1363 est,
1704 1265 1815 1366 quod
1934 1267 1945 1274 '

414 1392 616 1470 Humiliati
654 1394 753 1468 iliius
784 1393 918 1469 domus
951 1392 1136 1491 Praepofiti
1170 1395 1298 1472 fraude
1334 1415 1443 1494 etque
1482 1392 1634 1470 avaritia
1668 1389 1819 1468 fastum

415 1524 548 1598 dolet.
586 1517 679 1594 Non
713 1519 837 1592 multo
870 1517 995 1590 notior
1020 1515 1070 1592 est
1097 1517 1131 1593 8.
1159 1527 1287 1594 Domus
1314 1523 1489 1596 demente
1514 1522 1672 1610 oliveto,
1703 1539 1818 1613 qua,

417 1642 655 1720 Biancoiinio
683 1637 768 1716 teste
795 1643 847 1727 (a)
871 1691 882 1730 ,
904 1638 1063 1713 Veronae
1088 1642 1220 1717 eodem
1248 1647 1332 1718 loco
1356 1663 1466 1736 eret,
1494 1645 1556 1720 ubi
1585 1665 1687 1718 nune
1712 1647 1813 1715 teni-

415 1766 520 1860 pium
545 1760 754 1837 Dominico
779 1757 939 1856 Corpori
966 1759 1137 1854 sacrum,
1172 1789 1213 1839 ac
1237 1751 1584 1842 sanctimonialium
1610 1767 1648 1844 S.
1676 1764 1812 1842 Mar-ie

417 1888 463 1965 ab
489 1887 648 1983 Angelis
674 1885 791 1962 edes.
817 1884 967 1962 Deinde
988 1910 1074 1964 vero
1095 1887 1225 1963 domui
1248 1891 1286 1964 de
1310 1892 1501 1986 nuperum
1521 1889 1718 1980 conjuncta
1737 1885 1825 1982 este

418 2031 457 2092 at
484 2035 544 2088 an.
565 2005 821 2088 MCCGXXI.
843 2005 1012 2088 societate
1034 2009 1104 2086 hae
1122 2009 1316 2108 dissoluta,
1342 2014 1405 2113 qui
1427 2035 1474 2090 ex
1495 2011 1642 2091 Montis
1664 2011 1814 2090 oliveti

418 2136 537 2212 domo
573 2135 619 2212 ed
654 2135 801 2232 Rupem
835 2135 974 2208 claram
1002 2131 1255 2228 transteraut,
1291 2133 1553 2214 Giareensrbus
1590 2135 1813 2214 Humiuuis

413 2255 489 2348 ,sese
509 2259 753 2351 addiderunt,
772 2281 842 2359 qua
861 2255 906 2332 de
927 2279 965 2330 re
984 2251 1165 2332 consedes
1185 2255 1325 2332 tabulas
1338 2256 1451 2334 edidit
1462 2257 1716 2336 Biancoliuius
1734 2259 1783 2352 (b)
1803 2313 1815 2338 .
1873 2303 1877 2308 -

517 2385 643 2464 LXII.
671 2385 841 2484 Sequitur
876 2405 912 2476 9.
938 2387 1067 2456 Domus
1101 2383 1139 2454 de
1168 2379 1354 2474 fimrseilo,
1391 2405 1471 2480 que
1509 2383 1551 2456 io
1589 2379 1710 2460 Cetei·
1745 2409 1810 2461 an.

415 2508 705 2590 MCCCXLIV.
740 2517 775 2582 S.
801 2506 1017 2605 christophori
1047 2506 1085 2579 de
1109 2505 1294 2579 Fumiceiiu
1328 2505 1557 2602 appellatur,
1591 2504 1652 2582 ieu
1687 2506 1810 2604 potius

416 2639 454 2710 de
478 2635 706 2722 Flumicellot.
733 2629 844 2708 Plura
869 2631 913 2705 de
939 2630 1008 2705 hac
1034 2629 1151 2704 domo
1177 2624 1289 2702 habes
1315 2623 1411 2723 apud
1437 2623 1716 2708 Blaocoiioium
1741 2633 1810 2725 (c),

417 2763 479 2862 qui
506 2762 551 2835 de
579 2761 643 2835 iila
669 2778 782 2856 egens
811 2779 890 2832 non
917 2755 998 2831 seris
1025 2753 1089 2831 iibi
1115 2749 1304 2844 constare,
1338 2774 1379 2828 ec
1412 2749 1632 2831 sententiam
1659 2775 1803 2834 mutere

419 2885 604 2962 interdum
631 2882 795 2958 videtur.
821 2877 904 2953 Nos
928 2876 1060 2976 quibus
1083 2870 1309 2952 Veronentir
1341 2874 1437 2952 urbis
1464 2879 1703 2978 topographia
1729 2902 1815 2956 nou

421 3013 505 3090 suis
530 3009 680 3107 cognite
705 3004 781 3098 eu,
814 3003 858 3080 iis
882 3002 960 3076 haec
984 2999 1213 3100 disquirenda
1246 3024 1285 3077 ue
1310 2999 1501 3090 judicanda
1533 3005 1804 3106 relinquimus,

421 3135 550 3240 quibus
577 3147 826 3208 monumenta
853 3151 874 3204 a
901 3125 1136 3224 Biaxucoiiuio
1168 3124 1265 3202 edite
1299 3151 1387 3204 cum
1422 3123 1495 3226 ipsa
1515 3130 1688 3212 docuntur
1716 3128 1819 3227 poti·

423 3283 504 3340 tura
528 3254 694 3337 conferre
718 3257 827 3329 iicet.
854 3252 968 3328 Addit
990 3250 1088 3328 idem
1108 3251 1260 3344 audior,
1286 3249 1433 3343 huiusce
1452 3255 1585 3334 domus
1604 3253 1746 3334 Fratres
1765 3257 1820 3336 ed,

426 3391 464 3468 S.
490 3383 620 3460 Murice
652 3379 697 3456 de
722 3368 856 3454 Gierea
889 3376 1059 3454 deductos
1095 3369 1222 3468 fuisse,
1258 3373 1317 3454 sed
1355 3402 1499 3458 aunum
1539 3405 1616 3458 non
1652 3383 1812 3462 indicet.

422 3506 653 3610 Moniaiibus
685 3501 818 3578 deinde
852 3493 1017 3596 permissa
1052 3497 1120 3575 iile
1150 3494 1235 3591 est,
1272 3523 1352 3598 quae
1387 3499 1680 3586 Humiliatorum
1714 3531 1820 3586 eure,

424 3631 641 3712 concredito
677 3645 819 3703 erant.
865 3621 942 3700 Has
978 3641 1248 3702 commemorat
1293 3627 1333 3703 in
1371 3624 1438 3704 suo
1474 3627 1612 3708 Codice
1649 3629 1810 3710 Carolus

422 3763 467 3838 de
496 3753 691 3834 Advocatis
719 3773 794 3848 pag.
820 3745 881 3824 68.
907 3750 944 3823 dt
974 3766 1082 3844 132„
1117 3751 1241 3848 aitque
1270 3755 1487 3850 prunertatis
1511 3752 1626 3831 caussa
1653 3751 1688 3830 se
1705 3761 1788 3837 'illie

420 3901 656 3986 quecumque
671 3869 991 3963 minuerentur,
1016 3869 1208 3946 remisriie.
1235 3870 1612 3954 InCremonenfibus
1630 3880 1807 3966 Comitiis
1901 3869 1904 3876 ’

337 4034 343 4048 ·
421 4035 481 4086 uu.
508 3995 755 4083 MDLXVII.
782 3991 889 4084 hujus
915 3991 1088 4072 Coenobii
1111 3991 1297 4072 diffoiutio
1330 3995 1471 4074 decreta
1504 3997 1623 4083 fuerat
1639 4059 1653 4098 ,
1684 4027 1724 4083 ur
1757 4029 1807 4084 ex

348 4223 353 4234 ¹
1626 4133 1664 4210 Se
1690 4133 1761 4212 C&

494 4363 539 4436 (a)
559 4357 622 4418 Lib.
642 4357 697 4414 111.
718 4367 781 4426 pag.
803 4369 863 4418 rre-
929 4371 934 4380 ·
1596 4305 1599 4314 ⁸

494 4459 534 4532 (b)
555 4455 617 4516 Lib.
636 4450 687 4510 Vi.
705 4465 768 4521 pag.
788 4467 848 4505 m.

491 4557 532 4635 ic>
551 4551 659 4615 Μ·
667 4563 729 4626 ur·
739 4565 799 4621 su·
818 4543 883 4606 uu.
893 4544 948 4604 ¹11·
956 4563 1016 4622 rao
1033 4557 1077 4616 o.
1097 4547 1161 4610 un
1173 4543 1364 4628 rure-m·
1384 4539 1448 4602 uu
1461 4539 1713 4615 venenum,
1747 4567 1750 4574 »
