3990 5490
385 557 1289 641 Annorarrorrrnnsratusraarr.
1410 567 1477 636 161

21 773 22 784 ἵ
159 696 235 782 ¹:pe
262 682 485 781 contingat,
510 707 550 762 ut
575 686 712 764 debiles
737 691 773 764 dt
800 685 943 764 infirmi
968 687 1100 765 exinde
1125 707 1233 788 grave
1260 685 1460 764 sullineant
1482 683 1556 760 de·

154 809 396 902 trimentnm,
423 829 495 887 tam
522 811 625 911 super
652 814 757 909 hoc,
795 841 906 915 quam
935 815 1136 916 supereo,
1171 815 1271 914 quod
1296 813 1379 890 didi
1408 809 1550 888 Fratres

150 931 361 1009 &Sorores
387 957 471 1012 cum
498 940 624 1014 vivant
651 963 718 1037 pro
746 965 880 1040 magna
908 961 1006 1040 parte
1040 945 1085 1020 de
1114 967 1298 1018 manuum
1326 937 1472 1022 suarum
1500 935 1555 1012 la·

21 1071 23 1092 '
148 1043 300 1132 b0flbu⁵
327 1063 406 1155 (ἓ),
432 1063 632 1160 expressam
662 1067 701 1142 in
729 1071 860 1164 regula
886 1069 1001 1146 vellra
1026 1067 1154 1160 jejunii
1183 1067 1387 1165 silentiique
1415 1067 1560 1140 mensu·

148 1211 230 1263 ram
260 1184 429 1281 servare,
470 1191 671 1286 pracsertim
699 1195 824 1271 nslivo
851 1215 1050 1290 tempore,
1091 1189 1167 1266 fine
1203 1193 1319 1268 nimia
1344 1189 1566 1268 difficultate¹

155 1335 235 1388 non
264 1311 445 1410 possunt,
484 1319 676 1410 providere
712 1316 992 1394 misericorditer
1027 1315 1290 1411 dignaremur.
1329 1317 1409 1391 Nos
1444 1316 1559 1412 igitur

152 1435 376 1537 dispensandi
407 1437 511 1534 super
538 1439 596 1544 his
621 1463 705 1518 eum
734 1439 1055 1540 eisdem,quando
1083 1436 1266 1516 necessitas
1288 1441 1468 1515 videbitur
1494 1463 1560 1537 po·

155 1563 314 1658 llulare,
343 1563 447 1640 robis
471 1563 709 1661 presentium
736 1539 949 1644 austoririre
976 1569 1169 1646 licentiam
1205 1567 1471 1662 indulgemus,
1507 1566 1560 1640 ita

154 1707 317 1783 tamen,
358 1693 457 1790 quod
485 1689 665 1770 solem'nia
699 1690 836 1783 jejunia
872 1693 1138 1768 inviolabiliter
1170 1690 1444 1782 observentur,
1483 1685 1558 1770 nist

153 1815 349 1894 dumtaxat
386 1816 563 1914 abillis,
601 1843 694 1921 quoe
729 1817 882 1896 evidens
917 1818 1081 1911 eorporis
1115 1812 1311 1896 infirmitas
1347 1813 1557 1893 excusabit.

161 1939 271 2017 Nulli
298 1967 389 2042 ergo
416 1947 579 2020 omnino
606 1945 811 2021 hominum
839 1944 945 2020 liceat
974 1944 1149 2041 paginam
1187 1941 1285 2018 hanc
1312 1943 1443 2022 noslrae
1468 1967 1562 2020 eon-

157 2067 327 2146 rellionis
353 2069 581 2168 infringere,
609 2091 670 2146 eur
697 2075 732 2145 ei
759 2069 845 2146 ausu
874 2070 1072 2145 temerario
1097 2067 1304 2142 contraire.
1330 2063 1370 2144 Si
1391 2071 1472 2166 quis
1493 2095 1559 2148 au-

160 2217 239 2277 tem
268 2199 340 2276 hoe
368 2219 549 2276 attentare
578 2195 843 2293 praesumserit,
865 2199 1161 2295 indignationem
1183 2195 1456 2302 omnipotentis
1469 2196 1560 2299 Dei,

154 2327 193 2404 ὅ(
220 2327 417 2402 bearorum
445 2323 541 2399 Petri
570 2325 607 2398 dt
633 2319 738 2398 Pauli
765 2321 1033 2419 Apostolorum
1061 2321 1140 2410 ejus
1166 2320 1203 2396 se
1231 2323 1574 2418 noveritinrursm

155 2476 267 2528 rum.
294 2449 439 2528 Datum
466 2445 637 2524 Laterani
665 2468 797 2546 quarto
821 2443 905 2526 Cal.
928 2445 1018 2548 Jun.
1040 2445 1283 2526 Pontificatus
1310 2445 1423 2534 nostrl
1450 2475 1560 2532 anno

156 2599 304 2678 primo.

163 2783 207 2860 (a)
240 2781 271 2840 ld
289 2781 324 2840 de
343 2775 455 2840 alteriue
472 2777 590 2840 Ordinis
614 2777 780 2837 Humilrarir
802 2777 849 2838 irr-
922 2794 1018 2850 erant,
1034 2777 1079 2838 sed
1094 2779 1129 2840 ad
1146 2777 1310 2856 Minislrns,
1325 2785 1372 2857 qul
1388 2785 1567 2846 alreriurOr·
1613 2819 1615 2824 ·

203 2881 403 2960 religendum,
430 2883 478 2956 qul
506 2880 555 2940 soll
584 2881 704 2952 propriis
721 2877 846 2939 manibur
920 2875 993 2940 dinis
1012 2877 1109 2936 domos
1128 2879 1275 2954 regebant,
1293 2902 1325 2943 ac
1345 2885 1453 2943 Proelari
1481 2885 1567 2946 erlem

199 2981 292 3041 lanam
312 2977 479 3040 traslabnut.
503 2977 652 3040 Enimvero
667 2997 722 3038 non
738 2977 851 3040 adtra-
925 2977 1153 3052 appellabantur,
1171 2979 1264 3038 literas
1281 2980 1330 3041 hae
1347 2982 1440 3042 scribit
1458 2983 1571 3058 Grego-

201 3079 326 3158 posttnr,
341 3081 390 3154 qui
407 3080 490 3154 primi
503 3075 621 3145 Ordinis
639 3077 765 3142 donibus
784 3095 854 3152 pre·
927 3079 1050 3142 ricinis.
1057 3077 1126 3141 Vol.
1135 3079 1158 3139 1.
1166 3077 1282 3140 Disserr.
1289 3079 1329 3142 V.
1339 3079 1559 3146 inmittunt

706 3257 1099 3328 &mmmm

169 3442 357 3564 Gregorii
376 3441 450 3530 IX.
469 3441 650 3556 Lirerae,
683 3439 823 3562 quibus
850 3447 1020 3532 alterum
1043 3443 1359 3533 Humiliotornm
1379 3443 1568 3531 Ordinem

745 3607 987 3716 confirmat.
1082 3595 1085 3610 ’
1525 3585 1529 3592 ’

623 3827 702 3880 ειη.
721 3833 764 3884 3⁰·
783 3811 858 3884 Maii
878 3811 924 3875 Ex
942 3812 1014 3875 Bibl.
1033 3812 1125 3876 Brald·

304 3960 443 4054 sitimus
468 3965 530 4040 bar
554 3963 706 4062 Gregorii
737 3963 858 4039 literar
888 3963 1062 4062 proferre,
1086 3990 1162 4043 curn
1187 3963 1300 4042 eedem
1325 3967 1453 4044 omnino
1488 3962 1574 4062 sint,

308 4087 505 4186 pauciffinrir
529 4093 702 4189 mutatis,
727 4120 807 4170 cunr
832 4099 1014 4174 iunocentii
1038 4101 1108 4176 111.
1133 4099 1247 4176 literis
1277 4123 1334 4174 an.
1360 4096 1502 4170 Meet·
1517 4109 1575 4190 13.

302 4217 387 4301 jun.

180 4337 271 4419 Dar.
296 4337 471 4446 Laterani
498 4346 606 4424 tertio
632 4345 714 4426 Cal.
740 4346 829 4448 Jun.
856 4349 1101 4464 Pontificatus
1125 4349 1241 4436 nostri
1267 4371 1372 4431 anno
1395 4344 1541 4446 primo·

283 4467 356 4566 Sig.
380 4485 421 4544 ut
442 4469 573 4572 supra,
595 4493 728 4558 meran
751 4481 902 4560 nomine.

241 4727 343 4802 rom.
366 4727 416 4800 rr.
696 4773 701 4784 .
939 4733 978 4820 x
1172 4823 1176 4826 ¹
1455 4669 1536 4802 brt-
