3978 5484
472 542 546 596 120
697 517 1146 600 Honrcraconun
1186 514 1544 599 Molonem

308 637 311 642 ’
400 663 600 747 ,quattuor
622 639 727 719 faties
746 649 800 736 (a)
825 669 869 720 ex
897 663 996 743 parte
1018 643 1125 742 ipfius
1148 641 1320 739 eoeleste,
1345 651 1382 725 dr
1409 646 1595 738 Anticus,
1621 645 1659 724 bt
1682 639 1824 746 Joban.

420 795 490 848 nes¹
527 791 635 869 arque
661 769 756 848 Otto
789 774 964 870 veglones
996 776 1052 870 (3)
1091 769 1237 850 ecclelia
1278 771 1397 850 sande
1434 774 1547 851 marie
1584 795 1656 875 que
1689 772 1820 848 dicitur

425 898 579 995 yernalis
608 902 662 995 (4)
686 922 734 974 ex
761 918 861 996 parte
887 899 1087 996 regionie,
1112 904 1149 978 dt
1176 923 1242 998 pro
1269 901 1443 976 omnibus
1470 896 1692 998 regionibus
1717 898 1822 980 aliis,

424 1031 462 1104 dt
495 1040 650 1120 rugotus
676 1048 716 1100 ac
744 1024 995 1101 tettavillanus
1020 1027 1082 1124 qui
1118 1027 1291 1103 dicuutur
1317 1029 1362 1103 de
1397 1025 1520 1104 sanun
1548 1023 1751 1115 michaele,
1783 1024 1824 1098 io
1913 1029 1915 1034 '

423 1175 540 1228 manu
566 1148 763 1226 Guilielmi
793 1147 976 1246 presbiteri
1002 1147 1146 1228 ecclefie
1172 1150 1281 1226 santii
1311 1151 1415 1246 ylarii
1441 1155 1526 1248 (5),
1552 1150 1615 1248 qui
1641 1165 1718 1223 erat
1741 1141 1826 1220 mis·

423 1263 483 1354 sus
514 1280 561 1353 ad
588 1275 832 1373 recipiendam
862 1267 1135 1371 suprascriptam
1161 1274 1420 1354 refutationem
1447 1271 1594 1348 domini
1620 1267 1742 1368 Algili
1769 1289 1826 1344 at·

422 1399 640 1502 ebiepiscopi
662 1405 743 1496 (6),
762 1403 800 1478 di
819 1399 992 1501 parabola
1020 1400 1066 1476 ab
1082 1425 1130 1476 eo
1145 1399 1197 1476 ita
1214 1419 1395 1496 acceperat
1417 1401 1495 1493 (7),
1515 1395 1712 1474 secundum
1726 1391 1828 1493 quod

422 1533 497 1632 ipse
525 1529 739 1628 guilielmus
766 1527 941 1625 presbiter
965 1525 1014 1600 ibi
1043 1529 1083 1602 in
1113 1526 1290 1624 presentia
1314 1527 1435 1623 Algisr
1456 1524 1682 1604 cimiliarche
1707 1522 1763 1614 (8)
1788 1524 1828 1600 dt

423 1653 741 1752 infrascriptorum
769 1649 913 1727 testium
940 1652 1116 1744 dixerat,
1151 1654 1188 1729 ὅ(
1215 1649 1287 1745 ipse
1321 1652 1500 1728 dominns
1526 1647 1753 1729 cimiliarcha
1777 1647 1824 1722 ad

423 1779 627 1879 prcdidium
663 1775 778 1854 finem
818 1776 1023 1874 regionum
1055 1773 1276 1869 consensit,
1314 1777 1546 1853 nominative
1587 1778 1633 1856 de
1660 1793 1739 1854 tota
1768 1775 1828 1852 illa

422 1903 598 1994 decima,
634 1923 745 2000 quam
782 1895 857 1986 iam
887 1899 1006 1976 ‘diuus
1041 1899 1222 1976 martinus
1254 1900 1458 1997 presbiter,
1492 1904 1529 1978 dt
1568 1901 1828 1998 prenominati

411 2029 622 2129 regiones,
657 2049 699 2103 aa
735 2043 888 2122 rugorua
925 2025 963 2102 dt
1002 2023 1251 2101 tertavillanus
1284 2021 1468 2104 habebant
1505 2023 1547 2101 io
1587 2041 1718 2120 terra,
1752 2043 1829 2126 que

1729 2150 1784 2233 est

448 2331 1824 2368 ww

421 2491 606 2568 tulluperetl
625 2493 713 2554 adhuc
731 2491 886 2554 Mediolani
913 2492 994 2562 boine
1012 2491 1101 2552 nomi·
1173 2489 1311 2564 pellatur,
1340 2479 1421 2549 anno
1436 2483 1559 2556 ΜΝ,
1584 2485 1731 2560 argelum
1756 2483 1824 2544 telle

463 2592 506 2648 nia
525 2591 670 2660 bechila,
695 2587 773 2657 'cuitu
791 2605 908 2660 etymon
926 2589 1103 2661 probabiliter
1176 2585 1324 2660 (biblioth.
1337 2589 1435 2654 Scriba.
1444 2584 1562 2648 Medici·
1581 2585 1622 2642 T.
1636 2585 1676 2642 11.
1696 2584 1734 2644 Ρ.
1744 2583 1783 2644 11.
1799 2581 1828 2653 );

458 2703 497 2744 ex
514 2687 579 2760 Jaol
597 2685 967 2760 quadrifrontiteffigieduci
979 2687 1107 2759 polleat·
1181 2701 1228 2744 aur
1245 2698 1274 2744 ut
1292 2684 1470 2756 aliisplacer,
1481 2705 1524 2746 an.
1534 2679 1827 2754 olivarum».

454 2781 575 2844 blrrator
592 2783 639 2843 Cl.
656 2782 778 2855 Juliniur
801 2785 907 2854 (Mem.
926 2783 967 2843 T.
984 2785 1023 2843 ll.
1038 2803 1104 2856 pag.
1177 2783 1294 2842 Mem.
1316 2782 1357 2841 T.
1368 2785 1426 2842 lll.
1441 2801 1505 2856 pag.
1518 2785 1600 2854 aar.)
1618 2783 1826 2846 construendam

459 2881 560 2952 m),
580 2875 710 2954 quam'in
723 2881 863 2942 'mnrnlbna
880 2896 965 2957 prope
982 2885 1105 2944 Cornan-
1176 2881 1309 2940 curarit.
1338 2879 1519 2953 badagiotunr
1548 2881 1655 2943 familia
1673 2882 1720 2954 ius
1738 2897 1828 2958 patro-

454 2979 510 3040 sem
528 2996 636 3054 portam
655 2979 866 3054 repertamolint
885 2980 1099 3042 fuifl'el'latnma
1175 2994 1257 3040 natue
1281 2977 1330 3040 diu
1360 2981 1390 3038 in
1418 2982 1490 3040 hano
1517 2981 1667 3042 Ecclesiam
1685 2981 1827 3056 exercuit3

459 3079 592 3140 testatur.
613 3079 703 3138 Porro
719 3093 774 3136 non
792 3076 911 3134 multum
930 3077 965 3137 ab
982 3075 1105 3137 Ecclesta
1178 3095 1238 3152 qun
1255 3097 1349 3138 eorum
1367 3077 1470 3138 edibus
1487 3083 1617 3152 proxima
1635 3097 1710 3140 erat.

453 3181 506 3242 illa
524 3175 669 3240 &menda
687 3189 768 3251 porta
786 3175 858 3242 oflm
875 3175 990 3241 aberat.
1144 3177 1186 3250 (6)
1208 3175 1329 3250 dinifius
1347 3180 1381 3238 de
1392 3178 1531 3236 Plronaoo
1549 3177 1763 3238 Mediolanenlis
1775 3180 1826 3238 dr·

417 3279 464 3354 (3)
482 3277 552 3337 Vox
570 3289 700 3347 corrupta
720 3273 756 3334 ab
773 3273 842 3334 ltala
859 3289 928 3332 voce
944 3271 1106 3334 wecilonis
1179 3271 1307 3346 cbicplse.
1335 3271 1419 3341 iufl'us
1443 3291 1487 3333 an.
1517 3273 1757 3348 Mcuxxvt.,
1782 3295 1826 3338 an·

456 3397 513 3452 quo
531 3373 642 3434 nomine
662 3371 761 3434 darent
776 3371 833 3433 'illi
857 3375 913 3433 riri
931 3371 1098 3447 totidemque
1172 3371 1403 3434 Mcuxxxv.
1423 3376 1532 3434 evivit
1548 3391 1674 3450 areptus.

454 3473 564 3534 lentina
591 3467 665 3531 senar
690 3469 889 3546 designantur,
914 3487 1032 3544 quorum
1059 3469 1099 3528 eli
1137 3468 1180 3541 (a)
1202 3468 1338 3540 Frequens
1356 3469 1387 3528 io
1405 3469 1488 3530 medii
1515 3472 1567 3532 ari
1587 3473 1691 3534 chartis
1710 3474 1821 3548 loquert-

423 3569 428 3580 '
457 3567 606 3644 presertim
624 3568 653 3626 lo
672 3565 786 3627 solenni
812 3565 956 3626 Sacrorum
983 3564 1102 3626 eelibra·
1176 3563 1323 3638 ditatio,
1351 3583 1404 3640 qua
1418 3568 1535 3639 alicujus
1552 3571 1664 3632 nomine
1683 3573 1714 3634 de
1732 3570 1821 3634 uno.

451 3669 529 3729 alone
546 3665 692 3731 [mundum
715 3661 913 3724 ambronanoa
939 3663 1007 3724 rlnra
1034 3679 1094 3737 qno
1167 3663 1253 3726 ritate
1270 3655 1374 3740 aliquid
1391 3667 1450 3728 lieri
1470 3665 1638 3728 ollentb'tur.

453 3766 635 3830 consecranda
653 3765 714 3826 sunt
733 3765 862 3826 adaram
881 3763 1002 3831 deferre,
1132 3761 1181 3839 (ll
1195 3765 1318 3840 alpius
1338 3768 1385 3827 hic
1404 3771 1432 3828 in
1451 3771 1507 3830 alio
1526 3767 1607 3838 buida
1625 3771 1692 3830 anni
1723 3791 1818 3834 monu-

417 3865 463 3950 (4)
484 3865 639 3938 antiquum
651 3866 873 3938 Metropolitum
880 3861 1097 3928 Mediolanenfia
1170 3875 1266 3922 mento
1277 3862 1362 3935 „apud
1380 3863 1562 3928 Puticelliurn
1581 3869 1729 3942 (Meum.
1746 3873 1817 3943 Basti.

450 3959 577 4026 Ecclehoe
595 3981 722 4033 nornen,
752 3961 817 4023 inde
834 3961 945 4023 dullum
962 3961 1033 4034 qarod
1051 3977 1099 4032 per
1172 3957 1300 4030 cambros.
1318 3979 1392 4020 mora.
1413 3965 1488 4032 εις.)
1518 3961 1727 4044 archiepiscopi
1744 3981 1817 4035 nepti

453 4061 575 4122 hiemem
594 4062 645 4120 illa
657 4077 816 4122 utereornca
837 4076 885 4133 per
903 4059 1100 4118 estatemrero
1171 4055 1291 4118 dieitur.
1317 4059 1501 4120 cimiliarcha
1520 4075 1611 4124 autem
1630 4065 1730 4126 Graece
1748 4064 1818 4125 idem

450 4159 607 4221 &Thecla
625 4157 681 4216 ede
699 4155 872 4226 utebantur,
890 4155 934 4214 cul
953 4167 1099 4226 propterea
1173 4153 1335 4230 fignificat,
1354 4173 1386 4216 ae
1403 4157 1521 4219 thesauri
1541 4159 1672 4236 saraque
1690 4161 1819 4235 suppelle-

448 4262 544 4331 «μοι
562 4269 662 4314 nomen
679 4251 800 4319 sallum.
1166 4250 1244 4312 atilli
1255 4251 1819 4335 eunoici-,urexplinrcanglmioiofi

416 4357 464 4438 (ς)
480 4351 628 4415 Eccleliarn
647 4351 717 4410 banc
742 4347 889 4410 onicinus
912 4348 948 4410 da
971 4349 1091 4425 badagio
1149 4403 1151 4410 .
1159 4350 1356 4425 [enadad-'v'
1375 4351 1430 4424 int
1448 4355 1547 4416 Latin.
1559 4357 1594 4418 ad
1605 4357 1819 4428 hancroeem.)

449 4446 1092 4524 MenamlitauirenrpllOrdinatioa‚acdein·
1165 4449 1253 4520 Qud
1268 4447 1418 4523 dignitarir
1436 4469 1535 4514 nomen
1556 4455 1643 4515 adhuc
1660 4459 1689 4516 in
1709 4461 1818 4520 Metro·

447 4551 482 4616 de
498 4552 643 4616 nonunt
659 4543 796 4610 Pontifex
813 4545 974 4615 aliunde
990 4551 1027 4612 ll.
1045 4565 1095 4628 ap·
1169 4547 1299 4624 politam
1316 4549 1368 4615 hae
1383 4551 1505 4618 emat·
1522 4553 1661 4628 iupueit.
