4052 5486
235 651 239 656 ι
431 531 952 624 Μηῌτωῖῐοῖὰιψν
969 543 1349 628 nosnatura,
1458 553 1543 645 lanx

184 660 945 752 {irretorrentibus·frumentorium&
965 663 1172 775 Qualibet,
1210 677 1400 754 salubriter
1426 671 1464 750 bt
1490 667 1596 746 utill-
1652 727 1654 732 ,

182 805 241 865 rer
268 791 437 873 studeant
465 800 988 896 pertram-rte„institutiones
1009 827 1095 880 vero
1120 810 1304 902 regulares
1329 797 1493 876 sastaein
1517 791 1596 892 ipso

175 919 346 1014 capitulo
372 927 535 1020 generali
556 983 568 1020 ‚
587 923 678 1003 'nist
705 953 767 1026 per
792 929 892 1004 aliud
920 925 1039 1004 simile
1070 933 1272 1026 capitulum
1307 927 1413 1002 aliter
1441 921 1591 996 ordine·

170 1055 241 1116 wr
258 1043 370 1134 ‚¹2stot
395 1051 435 1122 in
462 1046 691 1126 suotr'cbote
715 1057 923 1128 duraturae.
957 1053 1027 1128 ‘Ad
1058 1051 1238 1142 majorem
1262 1043 1592 1151 quoqueordinis

173 1159 438 1270 aetl'rrpacenr'
464 1173 761 1254 conservandam
786 1178 982 1255 distribius
1010 1179 1274 1276 probibemus,
1304 1201 1351 1250 ne
1378 1169 1593 1273 aliquisOt-
1685 1199 1696 1232 ·

174 1295 425 1384 ‹linirvostri
438 1304 478 1376 in
506 1304 549 1375 iic
570 1321 663 1403 quar
678 1305 723 1378 ad
742 1303 977 1402 disciplinam
998 1309 1036 1382 bt
1056 1305 1221 1380 insiituta
1240 1301 1395 1376 Ordinis
1419 1299 1590 1396 spetiem,

171 1413 308 1524 'bodens
325 1428 609 1521 contradicere,
627 1425 689 1505 seu
713 1433 827 1506 etiarm
855 1434 1057 1528 appellare.
1084 1429 1156 1506 Sed
1183 1429 1209 1506 fi
1237 1423 1430 1530 quisquam
1458 1430 1584 1524 appel·

172 1553 254 1630 lare
281 1555 506 1646 tentaverit,
532 1553 779 1632 nihilominus
805 1559 886 1647 illi3
912 1581 1073 1657 qnorum
1100 1553 1272 1648 interest,
1299 1553 1508 1648 regularem
1530 1549 1587 1628 di·

174 1677 374 1774 sciplinam
394 1680 797 1758 exerceredebebunr.
829 1679 1003 1758 Obeunrc
1020 1706 1118 1758 ¹vero
1146 1685 1214 1756 rel.
1232 1679 1451 1776 regulariter
1477 1699 1584 1752 amo-

169 1817 224 1877 to
250 1795 452 1900 Prcpofit'o
477 1805 632 1896 alicujus
653 1805 856 1882 domorum
882 1805 1118 1901 vestrarum,
1157 1807 1285 1883 nuilus
1321 1805 1378 1880 illi
1412 1801 1576 1902 quelibet

161 1922 418 2024 ⁸surreptionis
443 1926 574 2006 assutia
601 1927 662 2005 seu
689 1931 870 2006 violentia
905 1953 1135 2030 praeponatur
1157 1966 1180 2025 ,·
1208 1929 1268 2006 sed
1301 1929 1347 2004 dc
1384 1929 1582 2013 communi

171 2048 349 2130 Fratrum
373 2047 528 2132 consilio
548 2075 654 2134 unus
680 2056 851 2134 Fratrum
879 2057 979 2156 quast
1005 2059 1138 2134 arbiter
1164 2054 1389 2146 assumatur,
1410 2055 1473 2153 qui
1507 2075 1602 2150 tres

167 2199 221 2254 cx
247 2175 422 2256 fratribus
444 2207 465 2273 ‚⁴
493 2175 587 2258 dnos
605 2185 784 2258 ¹uidelicet
806 2182 972 2258 Clericos
992 2236 1004 2275 ,
1028 2188 1067 2260 br
1093 2185 1209 2257 alium
1235 2179 1387 2258 fratrem
1415 2179 1573 2278 probate

164 2310 256 2384 vite
281 2313 319 2386 bt
345 2303 539 2402 religionis
562 2329 720 2408 experte
747 2312 921 2386 nominet
948 2310 1147 2402 elestores,
1166 2311 1227 2410 qui
1241 2307 1413 2384 Fratrum
1440 2308 1575 2384 volun·

165 2436 482 2532 rates-inquirant
508 2441 585 2534 (4),
606 2443 644 2516 br
670 2463 758 2516 eum
786 2441 828 2521 io
855 2459 965 2537 quern
992 2435 1151 2513 universi
1178 2435 1398 2530 consensus,
1418 2440 1475 2512 vel
1494 2461 1575 2514 ma·

163 2559 258 2656 ioris
285 2563 397 2658 partis
422 2561 569 2638 consilii
596 2565 634 2640 bt
662 2560 840 2654 senioris,
868 2561 1069 2638 secundnm
1105 2562 1297 2640 arbitrium
1324 2563 1569 2661 eorumdem,

163 2703 253 2759 vote
280 2687 555 2780 convenerint,
580 2687 814 2762 dumtamen
838 2683 1136 2776 srtClericus,in
1154 2688 1384 2788 prepositum
1412 2691 1476 2770 srbi
1500 2695 1569 2768 eli·

159 2832 255 2906 gant
281 2815 317 2889 bt
345 2813 567 2908 praelatum,
593 2813 631 2887 δι
657 2811 790 2886 elesius
816 2833 836 2884 a
862 2808 1040 2908 Magistro
1067 2808 1220 2886 Ordinis
1247 2815 1486 2910 approbetur.
1525 2820 1564 2896 Si

157 2932 258 3011 sorte
284 2935 422 3035 aliquid
447 2931 700 3024 commiserit,
729 2957 792 3030 per
818 2936 917 3031 quod
943 2935 988 3010 ab
1017 2933 1333 3044 adminillratione
1362 2937 1404 3013 srt
1427 2944 1567 3018 merito

155 3061 437 3152 removendus,
461 3062 509 3136 dc
534 3056 693 3134 consilio
720 3077 895 3157 quattuor
921 3061 1088 3156 priorum
1115 3058 1400 3156 Praeposrtorunt
1439 3063 1483 3138 ab
1509 3090 1568 3142 ea·

156 3190 281 3282 elem,
319 3184 505 3284 sisponte
531 3185 659 3262 cedere
697 3185 898 3276 noluerit,
936 3183 1069 3278 poterit
1107 3186 1297 3260 amoveri.
1337 3187 1567 3268 Austoritare

157 3335 307 3415 qnoque
334 3309 548 3406 Apostolica
576 3307 827 3401 inhibemus,
863 3325 906 3382 ut
934 3307 1058 3382 nullus
1082 3305 1280 3406 Episcopus
1308 3313 1364 3384 vel
1392 3311 1565 3409 quaslibet

165 3443 240 3518 alia
268 3433 448 3533 persone,
474 3433 686 3528 regularem
710 3431 927 3508 clemonem
953 3430 1139 3528 Praeposrti
1169 3435 1224 3508 rel
1249 3431 1387 3510 Praelari
1411 3433 1567 3515 Ordinis

170 3561 276 3643 vestri
305 3561 512 3660 impediat,
547 3577 609 3632 aut
634 3559 679 3633 de
707 3555 934 3632 instituendo
962 3559 1017 3630 vel
1045 3559 1276 3634 removendo
1302 3583 1378 3653 eo,
1412 3563 1474 3661 qui
1502 3585 1570 3659 pro

161 3706 332 3788 tempore
348 3685 493 3779 suerit,
520 3683 554 3758 se
580 3685 811 3782 aliquatenus
839 3681 1087 3757 intromittar.
1114 3683 1214 3758 Cum
1241 3711 1329 3759 vero
1356 3689 1485 3786 aliquis
1513 3684 1566 3764 se·

157 3817 324 3893 cundum
354 3807 570 3911 premissam
597 3807 761 3884 sormam
788 3807 922 3884 clebus
942 3805 1051 3886 suerit
1074 3811 1113 3884 in
1139 3809 1406 3908 Praeposrtum,
1434 3819 1473 3890 bt
1500 3841 1562 3913 per

151 3937 380 4035 Magistrum
404 3935 559 4012 Ordinis
587 3930 830 4029 approbatus,
854 3931 1071 4010 Dioresano
1092 3933 1275 4035 Episcopo
1302 3937 1562 4033 presentetur,

154 4097 177 4148 a
205 4091 283 4167 quo
310 4060 440 4162 absque
465 4057 756 4138 examinationis
783 4057 957 4135 scrttrinio
979 4057 1248 4152 confirmetur,
1275 4083 1315 4136 ac
1335 4085 1461 4137 curam
1483 4066 1563 4138 ani-

152 4219 303 4276 marum
329 4189 478 4285 recipiat
504 4185 739 4262 abeodem.
776 4181 1021 4260 Prohibemus
1048 4182 1192 4282 insuper
1220 4209 1268 4262 ne
1295 4187 1403 4264 alicui
1434 4189 1561 4268 Eccle-

1448 4317 1513 4394 fia·
1710 4384 1712 4390 ,

156 4441 658 4476 ...ιιι-Μ’·
1618 4465 1620 4468 .

153 4534 196 4610 (4)
216 4535 247 4590 1„
264 4526 424 4590 moraris
453 4521 601 4578 lnnnrenrii
620 4517 705 4576 literis
722 4519 821 4576 tridua
910 4519 961 4579 hoc
978 4515 1039 4578 inco
1058 4535 1114 4576 non
1132 4513 1287 4575 insanitur.

187 4649 256 4696 aare
286 4630 369 4693 etiam
389 4627 530 4696 jejuniam
555 4617 742 4690 indicebatur,
767 4619 842 4693 quod
