4008 5494
482 517 557 605 306
719 511 1166 586 Hnurtrrrronnsr
1204 504 1566 582 Mortuunttra

436 656 539 710 natas
565 634 659 728 csse,
689 636 738 714 set
766 637 870 734 super
899 637 972 710 illis
996 635 1110 714 diuos
1129 629 1352 730 Magistrum
1377 632 1416 708 bt
1441 627 1569 705 fratres
1595 624 1658 704 fibi
1685 625 1845 703 iniurati

436 760 601 856 dicebat,
618 785 758 844 ,corant
778 763 913 840 eodem
930 758 1117 858 Episcopo
1144 759 1357 842 austeritate
1381 756 1628 853 prodiderunt
1655 753 1850 831 literarum

439 883 681 968 obtentarum
707 887 752 962 ad
779 911 868 962 eum
897 884 1076 972 trrcrrillet
1105 888 1144 960 in
1172 881 1347 979 causam,
1379 907 1430 967 ex
1456 902 1561 981 parte,
1587 876 1849 978 ipsorum-suit

438 1033 563 1088 corant
591 1012 689 1086 didio
716 1009 899 1110 Episcopo
922 1012 1138 1110 excipiendo
1166 1009 1438 1109 propositum,
1471 1009 1588 1108 quod·
1606 1033 1691 1084 curn
1729 1003 1852 1091 huius

443 1139 549 1218 modi
577 1163 658 1238 pars
683 1141 922 1232 domorum,
957 1141 1068 1231 orti,
1104 1144 1142 1218 bt
1170 1137 1428 1238 possessrnnum
1463 1135 1573 1234 ipsrtrs
1599 1133 1760 1212 Ecclefie
1786 1158 1849 1231 per

446 1262 691 1360 supradictum
721 1261 930 1362 episcopum
958 1258 1238 1360 predecessorem
1272 1263 1351 1337 eius
1384 1261 1599 1338 rnuorirare
1625 1261 1849 1357 apostolica,

441 1394 479 1466 bt
505 1390 551 1466 de
583 1389 763 1466 consensu
789 1393 904 1466 eciam
931 1388 985 1464 sui
1010 1388 1174 1486 Capituli
1202 1388 1254 1461 eis
1279 1383 1390 1462 suerit
1418 1386 1619 1482 afignata,
1654 1409 1764 1484 prout
1799 1385 1855 1464 su-

445 1518 568 1614 perius
592 1513 643 1592 est
667 1513 904 1614 expressum,
941 1517 979 1594 dt
1005 1535 1109 1590 erant
1136 1516 1299 1614 legitime
1332 1513 1487 1610 probate
1526 1515 1674 1610 parati,
1712 1513 1848 1614 ipsiquo

444 1642 642 1739 proditione
669 1661 809 1736 partem
834 1643 1072 1731 domorum,
1108 1641 1219 1732 orti,
1256 1643 1295 1718 bt
1321 1637 1579 1740 polleffionunt
1608 1643 1849 1736 predictarum

443 1792 509 1868 per
533 1770 654 1866 plures
680 1791 802 1840 annos
827 1766 1073 1864 possederint,
1099 1770 1138 1842 dc
1157 1765 1283 1840 adbuc
1302 1761 1502 1856 possideant
1525 1764 1670 1861 pacifice
1695 1771 1732 1844 dt
1753 1770 1852 1867 quie-

445 1914 519 1986 te,
537 1917 598 1988 per
623 1892 796 1990 predidlas
821 1894 969 1986 literas,
996 1894 1033 1968 in
1062 1891 1193 1988 quibus
1217 1891 1263 1966 dc
1284 1883 1515 1988 afignacione
1533 1891 1746 1968 huiusmodi
1770 1895 1852 1968 nul·

448 2021 487 2096 la
512 2020 662 2094 mencio
688 2013 916 2108 habebatur,
941 2017 1135 2091 conveniri
1162 2015 1207 2090 de
1235 2015 1314 2088 iure
1342 2039 1421 2090 nun
1451 2035 1619 2112 poterant
1648 2043 1715 2096 nec
1738 2019 1845 2094 debe.

445 2145 574 2234 bant;
612 2133 677 2236 ipsr
704 2133 905 2216 sentientes
932 2141 1098 2219 indebite
1125 2139 1160 2216 se
1187 2145 1365 2237 grauari,
1405 2148 1448 2220 ad
1478 2141 1640 2221 nostram
1665 2147 1849 2222 duxerunt

449 2273 681 2353 audientiam
709 2271 995 2366 appellandum.
1030 2262 1212 2360 Quocirca
1238 2266 1450 2347 discrecioni
1481 2289 1542 2347 tue
1569 2296 1631 2368 prr
1657 2270 1853 2369 apostolica

448 2398 578 2494 scripta
606 2397 854 2484 mandamus,
879 2397 1054 2490 quatinus
1083 2392 1219 2470 vocatis
1244 2395 1305 2490 qui
1333 2388 1472 2471 suerint
1499 2400 1703 2490 evocandi,
1728 2402 1767 2476 dt
1791 2425 1852 2476 au·

443 2523 533 2600 ditis
558 2521 651 2594 hinc
676 2518 764 2609 inde
791 2516 1020 2616 propofitis,
1058 2518 1156 2614 quod
1193 2515 1326 2593 iustum
1368 2517 1476 2596 suerit
1511 2527 1759 2622 appellatione
1794 2547 1851 2602 re.

441 2665 553 2724 mota
575 2643 789 2738 decernas,
822 2641 959 2719 saciens
984 2645 1082 2740 quod
1109 2645 1308 2722 decreveris
1334 2647 1612 2738 percensuram
1639 2651 1848 2730 ecclesiasti·

440 2797 528 2848 cant
558 2767 714 2846 firmiter
739 2765 944 2842 obsecrari.
985 2763 1111 2844 Tetus
1137 2786 1289 2860 autern,
1322 2770 1384 2874 qui
1410 2767 1549 2848 suerint
1579 2777 1795 2868 nominati,
1821 2775 1847 2856 fi

448 2894 488 2973 se
517 2893 659 2991 gretia,
685 2893 799 2984 odio,
826 2897 883 2968 rel
910 2895 1046 2968 timore
1073 2889 1352 2985 subtraxerint,
1388 2896 1538 2974 censura
1566 2897 1704 2994 simili,
1728 2906 1851 3002 appel·

449 3019 598 3098 latione
624 3015 805 3108 cessante,
829 3017 1031 3112 compellas
1057 3017 1200 3091 veritati
1230 3017 1485 3096 testimonium
1514 3022 1728 3119 perhibere.
1754 3023 1844 3102 Dat.

446 3163 533 3238 aput
560 3141 867 3222 Urbemtretcrcrn
892 3137 946 3218 11.
971 3137 1061 3218 Kal.
1088 3142 1205 3240 rprill.
1232 3139 1477 3222 Pontificatus
1510 3145 1626 3224 nnllri
1662 3173 1769 3228 anno
1804 3148 1851 3236 sa·

441 3271 599 3349 cundo.

431 3504 635 3620 ,Pogonus
655 3499 836 3586 nmmos
857 3493 953 3582 ord
976 3497 1129 3588 Hamil.
1149 3499 1308 3586 arbiter
1328 3504 1500 3618 eligitur
1532 3459 1641 3590 inter
1662 3504 1849 3596 idaim

583 3659 677 3748 dum
695 3663 813 3748 Patr.
833 3659 1116 3774 Aquitejensem
1132 3723 1147 3770 ,
1173 3655 1223 3756 ὰ
1238 3659 1438 3773 Joonnem
1457 3663 1712 3759 Fotzirrm.

868 3886 946 3939 nu.
967 3889 1010 3938 rr.
1027 3867 1103 3946 Sept.
1123 3865 1169 3928 Ex
1188 3867 1293 3931 Talus
1311 3839 1442 3933 uitreas.

604 4033 701 4111 Nno
721 4029 886 4112 Domini
916 4053 1023 4130 1274
1049 4027 1261 4108 Indistinne
1298 4029 1453 4112 secunda
1489 4032 1550 4111 die
1588 4053 1647 4114 ta.
1683 4037 1848 4120 intrante
1983 4073 1990 4080 ·

452 4035 599 4362 Α
632 4157 837 4255 Septembri
856 4161 896 4233 in
910 4155 1074 4236 Ciuitate
1086 4157 1231 4238 Aullrie
1257 4163 1336 4252 (r).
1364 4159 1410 4236 In
1432 4161 1670 4246 Anticamera
1695 4165 1846 4250 Patriac-

630 4285 748 4368 cbalis
772 4283 910 4364 Palatii
935 4281 1169 4361 Prescntibus
1192 4290 1262 4366 dte.
1287 4337 1339 4370 ..,
1360 4335 1634 4370 ........

1721 4417 1801 4498 Die

446 4569 490 4646 tn
518 4571 633 4640 eruo
657 4571 780 4645 omre
803 4563 901 4632 enen
931 4563 974 4628 eu
997 4581 1058 4641 qu·
1079 4585 1154 4632 neo
1178 4567 1265 4645 nuo
1288 4545 1434 4645 ctam.
1469 4569 1518 4638 teu
1544 4574 1662 4644 crura
1684 4539 1850 4649 ulcerato·
