4044 5486
403 586 486 680 tior
505 589 549 678 in
571 591 671 680 oiiis
694 587 861 699 seruata
878 587 976 694 fit.
1010 587 1350 678 Monumentorum
1377 589 1501 678 etiarn
1527 578 1802 698 inscriptiones

408 795 511 857 nune
534 770 725 860 Romanis
744 799 848 862 nuno
868 766 1024 860 inolitis
1051 766 1161 886 typis
1188 725 1388 876 irnpreffas
1402 765 1597 868 ritimis.
1629 765 1810 864 Primum

405 969 530 1064 genus
562 978 697 1037 earum
728 949 818 1060 eli,
847 973 946 1062 quas
974 973 1027 1031 en
1053 943 1312 1054 monumentis
1339 941 1468 1056 ipsit,
1495 941 1637 1057 quibus
1662 939 1810 1030 adure

408 1144 564 1233 erent,
599 1121 872 1238 exscripsimus
900 1148 914 1236 3
952 1081 1123 1211 aiterum
1157 1151 1335 1232 renunt,
1370 1149 1470 1236 quos
1506 1147 1576 1210 nos
1615 1137 1806 1234 opponere

410 1305 627 1413 oportuit,
661 1330 748 1392 eum
777 1323 851 1393 aut
879 1319 1124 1390 monumento
1156 1297 1291 1406 iisdem
1319 1317 1538 1411 coement,
1564 1315 1638 1386 aut
1663 1298 1718 1390 ai
1742 1325 1816 1392 not

413 1477 643 1590 transmrfflt
678 1509 752 1568 non
787 1477 940 1592 effent.
989 1602 995 1612 .

430 1731 436 1742 .
545 1656 727 1769 Superest
744 1716 758 1766 ,
778 1678 826 1746 ut
842 1677 970 1772 pauca
988 1659 1034 1746 tit
1053 1653 1375 1758 annotationibus
1388 1655 1543 1746 dicata·
1566 1653 1813 1768 ‘Ciatffttot

412 1829 525 1918 uiros
545 1853 753 1946 querentes
775 1834 973 1924 interium
994 1836 1254 1946 audiuimus,
1283 1863 1348 1924 eos
1374 1831 1444 1950 qui
1473 1829 1659 1927 hoaenos
1678 1861 1814 1922 monu-

414 2031 634 2096 mentorum
656 2009 897 2100 eoileiiiones
914 2009 1152 2124 edideffint,
1180 2005 1376 2114 nonsatis
1396 2014 1626 2128 pierumque
1644 2013 1702 2104 iit
1718 2015 1815 2104 iiiu-

402 2185 588 2294 strandis
605 2181 859 2298 aiiaboraffe,
881 2217 955 2302 quo
962 2189 1023 2296 fit
1041 2211 1088 2278 ut
1109 2181 1159 2284 (θ’
1173 2187 1362 2280 ,inuoluta
1378 2191 1508 2280 muita
1525 2213 1574 2278 at
1592 2189 1812 2302 uetustatis,

416 2367 592 2452 tenebris
611 2361 775 2452 obioiio
790 2387 1002 2454 occurrant
1018 2428 1033 2475 ‚
1052 2359 1104 2460 a
1121 2367 1244 2454 rnuito
1263 2367 1420 2474 minor,
1455 2394 1572 2480 quant
1586 2361 1738 2482 poffet,
1755 2393 1812 2456 ere

416 2535 551 2642 iisdem
579 2539 1017 2629 utititas-aerisonas.
1044 2539 1183 2655 itaque
1213 2539 1322 2629 nihii
1342 2542 1575 2653 omisimus,
1601 2560 1652 2629 ut
1677 2567 1813 2632 monu-

416 2720 563 2806 mentis
583 2715 684 2822 hisce
705 2717 880 2827 nostris,
907 2739 1057 2830 quanta
1083 2739 1154 2830 ptr
1177 2747 1249 2826 nos
1266 2721 1408 2808 liceret
1424 2779 1442 2832 ,
1466 2721 1542 2808 iate
1562 2717 1812 2814 adderetur.

416 2895 669 3008 Quapropter
697 2890 747 2990 ὼ
772 2895 954 3000 obscurm
982 2894 1197 2982 locutiones
1223 2897 1436 3008 euoluere,
1463 2889 1550 3008 ὰ,
1576 2925 1660 3014 quo
1685 2899 1729 2988 in
1756 2899 1813 2988 iis

416 3079 673 3186 innuuntur,
701 3073 873 3181 historia
893 3071 1031 3182 sopita
1052 3073 1256 3202 supiicore
1278 3133 1293 3182 ,
1318 3069 1369 3170 ῥ’
1386 3075 1555 3164 alionum
1577 3136 1591 3184 ,
1615 3077 1816 3190 liquontia

415 3273 509 3367 opos
523 3255 578 3356 ste
598 3309 612 3358 ,
633 3250 829 3360 opiniones
847 3269 1175 3334 monumentorum
1193 3245 1434 3346 euiioritate
1450 3252 1629 3364 sffeiiete
1649 3305 1666 3363 ,
1692 3281 1813 3369 eoque

417 3432 512 3519 adeo
537 3427 669 3514 onnia
694 3425 878 3540 propiore
901 3485 914 3532 ‚
942 3425 1086 3538 quibus
1112 3426 1278 3538 ioeupies
1299 3425 1380 3514 beo
1399 3450 1729 3530 monumentorum
1745 3431 1817 3537 se*
1911 3513 1937 3528 ,.

417 3607 502 3726 piet
534 3606 679 3704 utilior
706 3603 937 3692 recideretur
959 3661 973 3708 ,
994 3621 1071 3714 pro
1098 3601 1547 3704 uitiiussuravirnus.

426 3855 432 3866 .
523 3783 770 3896 Haesere
803 3783 931 3868 altero
963 3777 1034 3866 hot
1069 3777 1271 3870 is’oiuotine
1298 3783 1594 3882 eontinentur.
1634 3777 1817 3882 Tertium

417 3969 642 4076 Voiurnen,
676 3959 777 4077 quod
803 3961 988 4070 proxime
1021 3953 1243 4070 insequente
1276 3983 1376 4046 anno
1408 3959 1454 4048 in
1483 3963 1607 4061 lucen
1623 3967 1815 4082 edetur,

333 4163 341 4176 ·
385 4239 388 4242 ,
417 4159 663 4237 monumento
682 4140 866 4251 reliquo,
896 4136 1037 4250 quibos
1056 4135 1123 4222 hio
1142 4140 1249 4222 iocus
1267 4137 1446 4248 nonfuit
1464 4191 1480 4246 ,
1506 4159 1592 4254 tum
1609 4097 1819 4236 Homini·

416 4339 549 4410 toturn
570 4318 729 4404 arerem
744 4319 785 4401 in
803 4312 986 4426 antiquis
1005 4313 1265 4399 Generaiibus
1283 4307 1467 4408 Comitiit
1481 4317 1600 4431 iata,
1618 4351 1670 4410 ao
1681 4324 1817 4437 3*οω-

415 4499 481 4582 uis
502 4487 724 4592 Btaidenfis
742 4486 958 4598 Chronicon
973 4485 1277 4600 compluimur,
1295 4506 1414 4602 atque
1426 4493 1667 4590 uberrimum
1680 4529 1817 4594 renunt

416 4671 588 4762 omniunt
614 4665 822 4782 indicent,
851 4693 925 4782 pao
951 4663 1173 4773 uniuersum
1199 4685 1294 4792 opus
1321 4667 1557 4760 claudetur.
