<?xml version="1.0" encoding="UTF-8"?>
<!DOCTYPE html PUBLIC "-//W3C//DTD XHTML 1.0 Transitional//EN"
    "http://www.w3.org/TR/xhtml1/DTD/xhtml1-transitional.dtd">
<html xmlns="http://www.w3.org/1999/xhtml" xml:lang="en" lang="en">
 <head>
  <title>
</title>
<meta http-equiv="Content-Type" content="text/html;charset=utf-8" />
  <meta name='ocr-system' content='tesseract 3.04.00' />
  <meta name='ocr-capabilities' content='ocr_page ocr_carea ocr_par ocr_line ocrx_word'/>
</head>
<body>
  <div class='ocr_page' id='page_1' title='image "./veterahumiliato01braigoog_0084.png"; bbox 0 0 4044 5486; ppageno 0'>
   <div class='ocr_carea' id='block_1_1' title="bbox 159 533 1601 4526">
    <p class='ocr_par' dir='ltr' id='par_1_1' title="bbox 159 533 1601 4526">
     <span class='ocr_line' id='line_1_1' title="bbox 306 533 1538 639; baseline 0.006 -25"><span class='ocrx_word' id='word_1_1' title='bbox 306 533 374 618; x_wconf 76' lang='lat' dir='ltr'>De</span> <span class='ocrx_word' id='word_1_2' title='bbox 387 537 933 620; x_wconf 70' lang='lat' dir='ltr'>HorminDourensexrnr</span> <span class='ocrx_word' id='word_1_3' title='bbox 946 544 1281 626; x_wconf 60' lang='lat' dir='ltr'>Minnodunum</span> <span class='ocrx_word' id='word_1_4' title='bbox 1295 547 1461 628; x_wconf 79' lang='lat' dir='ltr'>rosrr&#39;rs.</span> <span class='ocrx_word' id='word_1_5' title='bbox 1486 550 1538 639; x_wconf 80' lang='grc'>69</span> 
     </span>
     <span class='ocr_line' id='line_1_2' title="bbox 191 659 1578 772; baseline 0.006 -39"><span class='ocrx_word' id='word_1_6' title='bbox 191 659 228 734; x_wconf 82' lang='lat' dir='ltr'>de</span> <span class='ocrx_word' id='word_1_7' title='bbox 253 664 379 742; x_wconf 82' lang='lat' dir='ltr'>Cinioln</span> <span class='ocrx_word' id='word_1_8' title='bbox 408 671 478 753; x_wconf 77' lang='lat' dir='ltr'>stra</span> <span class='ocrx_word' id='word_1_9' title='bbox 510 673 545 745; x_wconf 86' lang='lat' dir='ltr'>in</span> <span class='ocrx_word' id='word_1_10' title='bbox 578 671 674 772; x_wconf 78' lang='lat' dir='ltr'>burge</span> <span class='ocrx_word' id='word_1_11' title='bbox 706 679 739 746; x_wconf 84' lang='lat' dir='ltr'>S.</span> <span class='ocrx_word' id='word_1_12' title='bbox 766 675 916 748; x_wconf 79' lang='lat' dir='ltr'>Andree.</span> <span class='ocrx_word' id='word_1_13' title='bbox 954 673 1026 750; x_wconf 87' lang='lat' dir='ltr'>Sed</span> <span class='ocrx_word' id='word_1_14' title='bbox 1063 673 1167 747; x_wconf 84' lang='lat' dir='ltr'>nulia</span> <span class='ocrx_word' id='word_1_15' title='bbox 1202 673 1378 772; x_wconf 85' lang='lat' dir='ltr'>posterior</span> <span class='ocrx_word' id='word_1_16' title='bbox 1401 668 1578 762; x_wconf 77' lang='lat' dir='ltr'>&#39;ejusdem</span> 
     </span>
     <span class='ocr_line' id='line_1_3' title="bbox 191 792 1585 897; baseline 0.003 -33"><span class='ocrx_word' id='word_1_17' title='bbox 191 792 340 864; x_wconf 86' lang='lat' dir='ltr'>mentio</span> <span class='ocrx_word' id='word_1_18' title='bbox 366 797 541 872; x_wconf 88' lang='lat' dir='ltr'>occurrit.</span> <span class='ocrx_word' id='word_1_19' title='bbox 580 799 633 874; x_wconf 84' lang='lat' dir='ltr'>At</span> <span class='ocrx_word' id='word_1_20' title='bbox 659 820 695 896; x_wconf 89' lang='lat'>5.</span> <span class='ocrx_word' id='word_1_21' title='bbox 721 804 848 876; x_wconf 87' lang='lat' dir='ltr'>Demus</span> <span class='ocrx_word' id='word_1_22' title='bbox 872 803 910 877; x_wconf 82' lang='lat' dir='ltr'>de</span> <span class='ocrx_word' id='word_1_23' title='bbox 944 803 1004 887; x_wconf 73' lang='lat' dir='ltr'>olio</span> <span class='ocrx_word' id='word_1_24' title='bbox 1037 798 1326 896; x_wconf 79' lang='lat' dir='ltr'>(Bergomensrs</span> <span class='ocrx_word' id='word_1_25' title='bbox 1360 803 1435 897; x_wconf 80' lang='lat' dir='ltr'>egri</span> <span class='ocrx_word' id='word_1_26' title='bbox 1472 815 1585 893; x_wconf 83' lang='lat' dir='ltr'><strong>pagus</strong></span> 
     </span>
     <span class='ocr_line' id='line_1_4' title="bbox 185 909 1583 1028; baseline 0.004 -40"><span class='ocrx_word' id='word_1_27' title='bbox 185 909 305 988; x_wconf 86' lang='lat' dir='ltr'>estin</span> <span class='ocrx_word' id='word_1_28' title='bbox 341 915 608 998; x_wconf 81' lang='lat' dir='ltr'>Mediolanensi</span> <span class='ocrx_word' id='word_1_29' title='bbox 638 920 822 1016; x_wconf 84' lang='lat' dir='ltr'>Dioecefi)</span> <span class='ocrx_word' id='word_1_30' title='bbox 862 951 939 1002; x_wconf 88' lang='lat' dir='ltr'>nnn</span> <span class='ocrx_word' id='word_1_31' title='bbox 976 926 1097 1003; x_wconf 87' lang='lat' dir='ltr'>solum</span> <span class='ocrx_word' id='word_1_32' title='bbox 1131 950 1237 1004; x_wconf 84' lang='lat' dir='ltr'>anno</span> <span class='ocrx_word' id='word_1_33' title='bbox 1263 921 1583 1028; x_wconf 73' lang='lat' dir='ltr'>MCCCXLIV.‚</span> 
     </span>
     <span class='ocr_line' id='line_1_5' title="bbox 182 1033 1584 1153; baseline 0.009 -43"><span class='ocrx_word' id='word_1_34' title='bbox 182 1033 244 1115; x_wconf 85' lang='lat' dir='ltr'>scd</span> <span class='ocrx_word' id='word_1_35' title='bbox 273 1045 513 1122; x_wconf 78' lang='lat' dir='ltr'>nuncetiam</span> <span class='ocrx_word' id='word_1_36' title='bbox 552 1045 787 1131; x_wconf 87' lang='lat' dir='ltr'>MCCCLX.</span> <span class='ocrx_word' id='word_1_37' title='bbox 829 1052 1034 1153; x_wconf 79' lang='lat' dir='ltr'><strong>supererat.</strong></span> <span class='ocrx_word' id='word_1_38' title='bbox 1075 1054 1123 1130; x_wconf 89' lang='lat' dir='ltr'>In</span> <span class='ocrx_word' id='word_1_39' title='bbox 1158 1055 1297 1133; x_wconf 86' lang='lat' dir='ltr'>Codice</span> <span class='ocrx_word' id='word_1_40' title='bbox 1332 1052 1437 1128; x_wconf 88' lang='lat' dir='ltr'>enirn</span> <span class='ocrx_word' id='word_1_41' title='bbox 1475 1045 1584 1136; x_wconf 86' lang='lat' dir='ltr'>hujus</span> 
     </span>
     <span class='ocr_line' id='line_1_6' title="bbox 184 1163 1583 1277; baseline 0.003 -35"><span class='ocrx_word' id='word_1_42' title='bbox 184 1166 277 1242; x_wconf 78' lang='lat' dir='ltr'>anni</span> <span class='ocrx_word' id='word_1_43' title='bbox 304 1163 385 1244; x_wconf 91' lang='lat' dir='ltr'>MS.</span> <span class='ocrx_word' id='word_1_44' title='bbox 411 1167 668 1272; x_wconf 80' lang='lat' dir='ltr'>Bergomenfis</span> <span class='ocrx_word' id='word_1_45' title='bbox 694 1176 928 1255; x_wconf 76' lang='lat' dir='ltr'>cathedralis</span> <span class='ocrx_word' id='word_1_46' title='bbox 955 1180 1153 1272; x_wconf 78' lang='lat' dir='ltr'>tabularii,</span> <span class='ocrx_word' id='word_1_47' title='bbox 1178 1182 1218 1254; x_wconf 88' lang='lat' dir='ltr'>in</span> <span class='ocrx_word' id='word_1_48' title='bbox 1246 1201 1322 1277; x_wconf 92' lang='lat' dir='ltr'>quo</span> <span class='ocrx_word' id='word_1_49' title='bbox 1348 1171 1583 1252; x_wconf 82' lang='lat' dir='ltr'>recensentur</span> 
     </span>
     <span class='ocr_line' id='line_1_7' title="bbox 175 1293 1592 1402; baseline -0.003 -26"><span class='ocrx_word' id='word_1_50' title='bbox 175 1293 344 1384; x_wconf 62' lang='lat' dir='ltr'>Effluit,</span> <span class='ocrx_word' id='word_1_51' title='bbox 376 1295 514 1391; x_wconf 83' lang='lat' dir='ltr'>domus,</span> <span class='ocrx_word' id='word_1_52' title='bbox 542 1297 720 1398; x_wconf 76' lang='lat' dir='ltr'>plebatus,</span> <span class='ocrx_word' id='word_1_53' title='bbox 753 1295 794 1380; x_wconf 67' lang='lat'>&amp;¹</span> <span class='ocrx_word' id='word_1_54' title='bbox 819 1303 1046 1398; x_wconf 66' lang='lat' dir='ltr'>Mercedem,</span> <span class='ocrx_word' id='word_1_55' title='bbox 1080 1299 1123 1384; x_wconf 58' lang='grc' dir='ltr'><strong>θ</strong></span> <span class='ocrx_word' id='word_1_56' title='bbox 1154 1302 1345 1402; x_wconf 62' lang='lat' dir='ltr'>Hospitasia</span> <span class='ocrx_word' id='word_1_57' title='bbox 1371 1303 1436 1384; x_wconf 75' lang='lat' dir='ltr'>fite</span> <span class='ocrx_word' id='word_1_58' title='bbox 1461 1293 1501 1376; x_wconf 74' lang='lat' dir='ltr'>ir</span> <span class='ocrx_word' id='word_1_59' title='bbox 1517 1299 1592 1382; x_wconf 74' lang='lat' dir='ltr'>stra</span> 
     </span>
     <span class='ocr_line' id='line_1_8' title="bbox 184 1418 1589 1530; baseline 0.005 -38"><span class='ocrx_word' id='word_1_60' title='bbox 184 1418 221 1492; x_wconf 83' lang='lat' dir='ltr'>in</span> <span class='ocrx_word' id='word_1_61' title='bbox 244 1419 427 1513; x_wconf 76' lang='lat' dir='ltr'>Ciuitate,</span> <span class='ocrx_word' id='word_1_62' title='bbox 446 1419 645 1520; x_wconf 79' lang='lat' dir='ltr'><em>suburbiis,</em></span> <span class='ocrx_word' id='word_1_63' title='bbox 684 1423 726 1507; x_wconf 65' lang='grc' dir='ltr'>θ’</span> <span class='ocrx_word' id='word_1_64' title='bbox 758 1429 887 1516; x_wconf 78' lang='lat' dir='ltr'>Dincess</span> <span class='ocrx_word' id='word_1_65' title='bbox 915 1433 1140 1530; x_wconf 77' lang='lat' dir='ltr'>Bergomenss,</span> <span class='ocrx_word' id='word_1_66' title='bbox 1165 1431 1263 1506; x_wconf 86' lang='lat' dir='ltr'>inter</span> <span class='ocrx_word' id='word_1_67' title='bbox 1289 1427 1424 1502; x_wconf 82' lang='lat' dir='ltr'>domos</span> <span class='ocrx_word' id='word_1_68' title='bbox 1451 1421 1589 1500; x_wconf 88' lang='lat' dir='ltr'>Humi·</span> 
     </span>
     <span class='ocr_line' id='line_1_9' title="bbox 183 1541 1583 1631; baseline 0.007 -15"><span class='ocrx_word' id='word_1_69' title='bbox 183 1541 364 1620; x_wconf 76' lang='lat' dir='ltr'>lictorum</span> <span class='ocrx_word' id='word_1_70' title='bbox 392 1548 633 1626; x_wconf 81' lang='lat' dir='ltr'>nominetur:</span> <span class='ocrx_word' id='word_1_71' title='bbox 660 1557 788 1630; x_wconf 81' lang='lat' dir='ltr'>Domus</span> <span class='ocrx_word' id='word_1_72' title='bbox 812 1554 849 1627; x_wconf 85' lang='lat' dir='ltr'>de</span> <span class='ocrx_word' id='word_1_73' title='bbox 874 1556 986 1630; x_wconf 66' lang='lat' dir='ltr'>ostio:</span> <span class='ocrx_word' id='word_1_74' title='bbox 1011 1557 1169 1631; x_wconf 78' lang='lat' dir='ltr'>extimat.</span> <span class='ocrx_word' id='word_1_75' title='bbox 1196 1554 1230 1630; x_wconf 80' lang='lat' dir='ltr'>in</span> <span class='ocrx_word' id='word_1_76' title='bbox 1256 1548 1331 1624; x_wconf 85' lang='lat' dir='ltr'>Lib.</span> <span class='ocrx_word' id='word_1_77' title='bbox 1359 1551 1494 1620; x_wconf 86' lang='lat' dir='ltr'><em>XXIX.</em></span> <span class='ocrx_word' id='word_1_78' title='bbox 1520 1545 1583 1626; x_wconf 79' lang='lat' dir='ltr'>Ex</span> 
     </span>
     <span class='ocr_line' id='line_1_10' title="bbox 181 1669 1585 1778; baseline 0.001 -36"><span class='ocrx_word' id='word_1_79' title='bbox 181 1691 259 1767; x_wconf 88' lang='lat' dir='ltr'>quo</span> <span class='ocrx_word' id='word_1_80' title='bbox 286 1669 427 1746; x_wconf 88' lang='lat' dir='ltr'>videtur</span> <span class='ocrx_word' id='word_1_81' title='bbox 454 1693 533 1744; x_wconf 89' lang='lat' dir='ltr'>non</span> <span class='ocrx_word' id='word_1_82' title='bbox 560 1670 665 1766; x_wconf 82' lang='lat' dir='ltr'>Osri,</span> <span class='ocrx_word' id='word_1_83' title='bbox 687 1673 746 1752; x_wconf 90' lang='lat' dir='ltr'>sed</span> <span class='ocrx_word' id='word_1_84' title='bbox 775 1677 813 1751; x_wconf 88' lang='lat' dir='ltr'>in</span> <span class='ocrx_word' id='word_1_85' title='bbox 842 1677 929 1755; x_wconf 90' lang='lat' dir='ltr'>urbe</span> <span class='ocrx_word' id='word_1_86' title='bbox 957 1677 1029 1778; x_wconf 81' lang='lat' dir='ltr'>ipse</span> <span class='ocrx_word' id='word_1_87' title='bbox 1055 1697 1119 1757; x_wconf 81' lang='lat' dir='ltr'>aut</span> <span class='ocrx_word' id='word_1_88' title='bbox 1143 1673 1320 1754; x_wconf 84' lang='lat' dir='ltr'>suburbiis</span> <span class='ocrx_word' id='word_1_89' title='bbox 1344 1671 1477 1747; x_wconf 86' lang='lat' dir='ltr'>domus</span> <span class='ocrx_word' id='word_1_90' title='bbox 1505 1669 1585 1744; x_wconf 81' lang='lat' dir='ltr'>haec</span> 
     </span>
     <span class='ocr_line' id='line_1_11' title="bbox 169 1790 1581 1908; baseline 0 -40"><span class='ocrx_word' id='word_1_91' title='bbox 169 1790 297 1890; x_wconf 76' lang='lat' dir='ltr'>-pofita</span> <span class='ocrx_word' id='word_1_92' title='bbox 323 1791 454 1872; x_wconf 85' lang='lat' dir='ltr'>fuisse.</span> <span class='ocrx_word' id='word_1_93' title='bbox 479 1795 519 1874; x_wconf 90' lang='lat' dir='ltr'>Si</span> <span class='ocrx_word' id='word_1_94' title='bbox 552 1801 658 1876; x_wconf 88' lang='lat' dir='ltr'>enim</span> <span class='ocrx_word' id='word_1_95' title='bbox 691 1797 770 1878; x_wconf 84' lang='lat' dir='ltr'>ofii</span> <span class='ocrx_word' id='word_1_96' title='bbox 797 1799 941 1896; x_wconf 80' lang='lat' dir='ltr'>fuisset,</span> <span class='ocrx_word' id='word_1_97' title='bbox 974 1804 1037 1904; x_wconf 92' lang='lat' dir='ltr'>qui</span> <span class='ocrx_word' id='word_1_98' title='bbox 1071 1793 1362 1908; x_wconf 74' lang='lat' dir='ltr'>Mediolanenses</span> <span class='ocrx_word' id='word_1_99' title='bbox 1394 1791 1581 1890; x_wconf 71' lang='lat' dir='ltr'>uincens,</span> 
     </span>
     <span class='ocr_line' id='line_1_12' title="bbox 182 1918 1585 2030; baseline -0.001 -35"><span class='ocrx_word' id='word_1_100' title='bbox 182 1937 226 1996; x_wconf 91' lang='lat' dir='ltr'>nt</span> <span class='ocrx_word' id='word_1_101' title='bbox 244 1921 428 2020; x_wconf 83' lang='lat' dir='ltr'>diximus,</span> <span class='ocrx_word' id='word_1_102' title='bbox 448 1923 498 2001; x_wconf 80' lang='lat' dir='ltr'>esi</span> <span class='ocrx_word' id='word_1_103' title='bbox 521 1950 659 2023; x_wconf 82' lang='lat' dir='ltr'>pegus,</span> <span class='ocrx_word' id='word_1_104' title='bbox 682 1930 721 2006; x_wconf 89' lang='lat' dir='ltr'>in</span> <span class='ocrx_word' id='word_1_105' title='bbox 737 1926 993 2030; x_wconf 80' lang='lat' dir='ltr'>Bergomensrs</span> <span class='ocrx_word' id='word_1_106' title='bbox 1005 1925 1241 2026; x_wconf 82' lang='lat' dir='ltr'>Episcopatus</span> <span class='ocrx_word' id='word_1_107' title='bbox 1263 1922 1341 2014; x_wconf 86' lang='lat' dir='ltr'>jure</span> <span class='ocrx_word' id='word_1_108' title='bbox 1355 1945 1434 1998; x_wconf 90' lang='lat' dir='ltr'>non</span> <span class='ocrx_word' id='word_1_109' title='bbox 1448 1918 1585 2000; x_wconf 86' lang='lat' dir='ltr'>suisset.</span> 
     </span>
     <span class='ocr_line' id='line_1_13' title="bbox 165 2045 1586 2147; baseline -0.002 -22"><span class='ocrx_word' id='word_1_110' title='bbox 165 2051 236 2125; x_wconf 89' lang='lat' dir='ltr'>·At</span> <span class='ocrx_word' id='word_1_111' title='bbox 262 2049 302 2124; x_wconf 90' lang='lat' dir='ltr'>in</span> <span class='ocrx_word' id='word_1_112' title='bbox 327 2051 406 2127; x_wconf 78' lang='lat' dir='ltr'>elio</span> <span class='ocrx_word' id='word_1_113' title='bbox 430 2048 589 2142; x_wconf 84' lang='lat' dir='ltr'>ejusdem</span> <span class='ocrx_word' id='word_1_114' title='bbox 617 2059 788 2134; x_wconf 78' lang='lat' dir='ltr'>tabularii</span> <span class='ocrx_word' id='word_1_115' title='bbox 814 2057 952 2134; x_wconf 83' lang='lat' dir='ltr'>Codice</span> <span class='ocrx_word' id='word_1_116' title='bbox 986 2053 1068 2130; x_wconf 86' lang='lat' dir='ltr'>Ms.</span> <span class='ocrx_word' id='word_1_117' title='bbox 1104 2077 1164 2130; x_wconf 78' lang='lat' dir='ltr'>nn.</span> <span class='ocrx_word' id='word_1_118' title='bbox 1192 2045 1492 2141; x_wconf 86' lang='lat' dir='ltr'>MCCCXCV.,</span> <span class='ocrx_word' id='word_1_119' title='bbox 1520 2049 1586 2147; x_wconf 90' lang='lat' dir='ltr'>qui</span> 
     </span>
     <span class='ocr_line' id='line_1_14' title="bbox 170 2157 1581 2260; baseline -0.004 -12"><span class='ocrx_word' id='word_1_120' title='bbox 170 2157 411 2250; x_wconf 70' lang='lat' dir='ltr'>inscribitur:</span> <span class='ocrx_word' id='word_1_121' title='bbox 439 2175 549 2253; x_wconf 79' lang='lat' dir='ltr'>,Liber</span> <span class='ocrx_word' id='word_1_122' title='bbox 573 2180 710 2253; x_wconf 82' lang='lat' dir='ltr'>duorum</span> <span class='ocrx_word' id='word_1_123' title='bbox 734 2181 945 2253; x_wconf 77' lang='lat' dir='ltr'>Secondorum</span> <span class='ocrx_word' id='word_1_124' title='bbox 969 2177 1205 2250; x_wconf 74' lang='lat' dir='ltr'>Terminorum</span> <span class='ocrx_word' id='word_1_125' title='bbox 1238 2172 1371 2245; x_wconf 83' lang='lat' dir='ltr'>Decime</span> <span class='ocrx_word' id='word_1_126' title='bbox 1397 2171 1581 2260; x_wconf 57' lang='lat' dir='ltr'>trienniis</span> 
     </span>
     <span class='ocr_line' id='line_1_15' title="bbox 159 2295 1573 2389; baseline -0.002 -16"><span class='ocrx_word' id='word_1_127' title='bbox 159 2296 350 2389; x_wconf 58' lang='lat' dir='ltr'>Bonifatii</span> <span class='ocrx_word' id='word_1_128' title='bbox 376 2301 442 2372; x_wconf 75' lang='lat' dir='ltr'>Pe.</span> <span class='ocrx_word' id='word_1_129' title='bbox 469 2301 543 2372; x_wconf 81' lang='lat' dir='ltr'>noni</span> <span class='ocrx_word' id='word_1_130' title='bbox 569 2301 646 2376; x_wconf 82' lang='lat' dir='ltr'>haec</span> <span class='ocrx_word' id='word_1_131' title='bbox 671 2301 871 2376; x_wconf 74' lang='lat' dir='ltr'>habemus:</span> <span class='ocrx_word' id='word_1_132' title='bbox 908 2307 1035 2376; x_wconf 83' lang='lat' dir='ltr'>Domus</span> <span class='ocrx_word' id='word_1_133' title='bbox 1066 2302 1104 2374; x_wconf 84' lang='lat' dir='ltr'>de</span> <span class='ocrx_word' id='word_1_134' title='bbox 1129 2301 1216 2374; x_wconf 81' lang='lat' dir='ltr'>Oxio</span> <span class='ocrx_word' id='word_1_135' title='bbox 1247 2299 1343 2373; x_wconf 82' lang='lat' dir='ltr'>unita</span> <span class='ocrx_word' id='word_1_136' title='bbox 1373 2319 1449 2369; x_wconf 85' lang='lat' dir='ltr'>cum</span> <span class='ocrx_word' id='word_1_137' title='bbox 1466 2295 1573 2386; x_wconf 74' lang='lat' dir='ltr'>domo</span> 
     </span>
     <span class='ocr_line' id='line_1_16' title="bbox 174 2413 1574 2523; baseline -0.001 -26"><span class='ocrx_word' id='word_1_138' title='bbox 174 2423 217 2497; x_wconf 85' lang='lat' dir='ltr'>de</span> <span class='ocrx_word' id='word_1_139' title='bbox 242 2417 413 2513; x_wconf 81' lang='lat' dir='ltr'>Rasulio:</span> <span class='ocrx_word' id='word_1_140' title='bbox 433 2420 545 2518; x_wconf 68' lang='lat' dir='ltr'>soluit</span> <span class='ocrx_word' id='word_1_141' title='bbox 570 2429 616 2496; x_wconf 88' lang='lat' dir='ltr'>D.</span> <span class='ocrx_word' id='word_1_142' title='bbox 643 2429 824 2523; x_wconf 71' lang='lat' dir='ltr'>Pmpoitus</span> <span class='ocrx_word' id='word_1_143' title='bbox 840 2423 905 2520; x_wconf 83' lang='lat' dir='ltr'>soi.</span> <span class='ocrx_word' id='word_1_144' title='bbox 933 2421 969 2500; x_wconf 85' lang='lat'>8.</span> <span class='ocrx_word' id='word_1_145' title='bbox 996 2422 1143 2500; x_wconf 88' lang='lat' dir='ltr'>Eodem</span> <span class='ocrx_word' id='word_1_146' title='bbox 1177 2423 1293 2498; x_wconf 89' lang='lat' dir='ltr'>modo</span> <span class='ocrx_word' id='word_1_147' title='bbox 1318 2425 1355 2500; x_wconf 88' lang='lat'>6.</span> <span class='ocrx_word' id='word_1_148' title='bbox 1381 2413 1510 2496; x_wconf 74' lang='lat' dir='ltr'>Domus</span> <span class='ocrx_word' id='word_1_149' title='bbox 1534 2421 1574 2495; x_wconf 85' lang='lat' dir='ltr'>de</span> 
     </span>
     <span class='ocr_line' id='line_1_17' title="bbox 177 2541 1580 2643; baseline 0 -21"><span class='ocrx_word' id='word_1_150' title='bbox 177 2542 352 2640; x_wconf 70' lang='lat' dir='ltr'>cisaram,</span> <span class='ocrx_word' id='word_1_151' title='bbox 387 2541 474 2637; x_wconf 88' lang='lat' dir='ltr'>seu,</span> <span class='ocrx_word' id='word_1_152' title='bbox 511 2565 553 2622; x_wconf 89' lang='lat' dir='ltr'>ut</span> <span class='ocrx_word' id='word_1_153' title='bbox 579 2549 665 2625; x_wconf 78' lang='lat' dir='ltr'>aiibi</span> <span class='ocrx_word' id='word_1_154' title='bbox 694 2546 886 2643; x_wconf 84' lang='lat' dir='ltr'>scribitur,</span> <span class='ocrx_word' id='word_1_155' title='bbox 918 2549 955 2622; x_wconf 82' lang='lat' dir='ltr'>de</span> <span class='ocrx_word' id='word_1_156' title='bbox 979 2545 1113 2643; x_wconf 71' lang='lat' dir='ltr'>cisano,</span> <span class='ocrx_word' id='word_1_157' title='bbox 1147 2551 1203 2626; x_wconf 87' lang='lat' dir='ltr'>vel</span> <span class='ocrx_word' id='word_1_158' title='bbox 1238 2549 1276 2624; x_wconf 84' lang='lat' dir='ltr'>de</span> <span class='ocrx_word' id='word_1_159' title='bbox 1300 2550 1443 2639; x_wconf 75' lang='lat' dir='ltr'>cixaco,</span> <span class='ocrx_word' id='word_1_160' title='bbox 1470 2551 1508 2624; x_wconf 73' lang='grc' dir='ltr'>δι</span> <span class='ocrx_word' id='word_1_161' title='bbox 1535 2547 1580 2622; x_wconf 88' lang='lat' dir='ltr'>in</span> 
     </span>
     <span class='ocr_line' id='line_1_18' title="bbox 175 2664 1574 2769; baseline -0.004 -21"><span class='ocrx_word' id='word_1_162' title='bbox 175 2669 297 2748; x_wconf 77' lang='lat' dir='ltr'>Cerci.</span> <span class='ocrx_word' id='word_1_163' title='bbox 325 2667 716 2766; x_wconf 62' lang='lat' dir='ltr'>enMcccxmv„</span> <span class='ocrx_word' id='word_1_164' title='bbox 743 2675 779 2749; x_wconf 70' lang='grc' dir='ltr'>ἃ</span> <span class='ocrx_word' id='word_1_165' title='bbox 793 2672 832 2747; x_wconf 89' lang='lat' dir='ltr'>in</span> <span class='ocrx_word' id='word_1_166' title='bbox 847 2671 1088 2769; x_wconf 81' lang='lat' dir='ltr'>Bergomensr</span> <span class='ocrx_word' id='word_1_167' title='bbox 1100 2671 1240 2759; x_wconf 85' lang='lat' dir='ltr'>Codice</span> <span class='ocrx_word' id='word_1_168' title='bbox 1261 2697 1322 2750; x_wconf 81' lang='lat' dir='ltr'>nn.</span> <span class='ocrx_word' id='word_1_169' title='bbox 1337 2664 1574 2748; x_wconf 85' lang='lat' dir='ltr'>MCCCLX.</span> 
     </span>
     <span class='ocr_line' id='line_1_19' title="bbox 181 2790 1577 2891; baseline -0.004 -21"><span class='ocrx_word' id='word_1_170' title='bbox 181 2791 414 2870; x_wconf 84' lang='lat' dir='ltr'>recensetur.</span> <span class='ocrx_word' id='word_1_171' title='bbox 453 2793 506 2868; x_wconf 51' lang='lat' dir='ltr'>ln*</span> <span class='ocrx_word' id='word_1_172' title='bbox 526 2793 666 2868; x_wconf 87' lang='lat' dir='ltr'>Codice</span> <span class='ocrx_word' id='word_1_173' title='bbox 700 2817 787 2870; x_wconf 86' lang='lat' dir='ltr'>vern</span> <span class='ocrx_word' id='word_1_174' title='bbox 820 2819 880 2870; x_wconf 82' lang='lat' dir='ltr'>nn.</span> <span class='ocrx_word' id='word_1_175' title='bbox 920 2790 1191 2872; x_wconf 88' lang='lat' dir='ltr'>MCCCXCV.</span> <span class='ocrx_word' id='word_1_176' title='bbox 1218 2797 1406 2891; x_wconf 81' lang='lat' dir='ltr'>legimus:</span> <span class='ocrx_word' id='word_1_177' title='bbox 1447 2801 1577 2868; x_wconf 82' lang='lat' dir='ltr'>Demus</span> 
     </span>
     <span class='ocr_line' id='line_1_20' title="bbox 178 2908 1576 3014; baseline -0.004 -16"><span class='ocrx_word' id='word_1_178' title='bbox 178 2924 217 2998; x_wconf 81' lang='lat' dir='ltr'>dt</span> <span class='ocrx_word' id='word_1_179' title='bbox 242 2918 361 3014; x_wconf 79' lang='lat' dir='ltr'>Cisano</span> <span class='ocrx_word' id='word_1_180' title='bbox 385 2922 482 2996; x_wconf 69' lang='lat' dir='ltr'>irrita</span> <span class='ocrx_word' id='word_1_181' title='bbox 502 2947 577 2998; x_wconf 84' lang='lat' dir='ltr'>cum</span> <span class='ocrx_word' id='word_1_182' title='bbox 594 2921 687 2997; x_wconf 70' lang='lat' dir='ltr'>dida</span> <span class='ocrx_word' id='word_1_183' title='bbox 705 2922 797 2996; x_wconf 85' lang='lat' dir='ltr'>domo</span> <span class='ocrx_word' id='word_1_184' title='bbox 816 2923 853 2995; x_wconf 87' lang='lat' dir='ltr'>de</span> <span class='ocrx_word' id='word_1_185' title='bbox 873 2919 1025 3012; x_wconf 83' lang='lat' dir='ltr'>Rasul03</span> <span class='ocrx_word' id='word_1_186' title='bbox 1047 2917 1157 3012; x_wconf 78' lang='lat' dir='ltr'>solvit</span> <span class='ocrx_word' id='word_1_187' title='bbox 1184 2925 1228 2990; x_wconf 88' lang='lat' dir='ltr'>D.</span> <span class='ocrx_word' id='word_1_188' title='bbox 1251 2920 1430 3014; x_wconf 78' lang='lat' dir='ltr'>Prepofitus</span> <span class='ocrx_word' id='word_1_189' title='bbox 1451 2908 1517 3010; x_wconf 78' lang='lat' dir='ltr'>sos.</span> <span class='ocrx_word' id='word_1_190' title='bbox 1541 2917 1576 2994; x_wconf 79' lang='lat'>8.</span> 
     </span>
     <span class='ocr_line' id='line_1_21' title="bbox 160 3037 1580 3140; baseline -0.002 -23"><span class='ocrx_word' id='word_1_191' title='bbox 160 3037 280 3138; x_wconf 72' lang='lat' dir='ltr'>:Qun</span> <span class='ocrx_word' id='word_1_192' title='bbox 306 3041 426 3140; x_wconf 81' lang='lat' dir='ltr'>posiee</span> <span class='ocrx_word' id='word_1_193' title='bbox 453 3041 637 3140; x_wconf 79' lang='lat' dir='ltr'>profertur</span> <span class='ocrx_word' id='word_1_194' title='bbox 669 3067 706 3140; x_wconf 89' lang='lat'>7.</span> <span class='ocrx_word' id='word_1_195' title='bbox 731 3049 858 3118; x_wconf 82' lang='lat' dir='ltr'>Demus</span> <span class='ocrx_word' id='word_1_196' title='bbox 890 3044 929 3116; x_wconf 84' lang='lat' dir='ltr'>de</span> <span class='ocrx_word' id='word_1_197' title='bbox 953 3044 1080 3138; x_wconf 78' lang='lat' dir='ltr'>mapelo</span> <span class='ocrx_word' id='word_1_198' title='bbox 1113 3040 1185 3112; x_wconf 89' lang='lat' dir='ltr'>hoc</span> <span class='ocrx_word' id='word_1_199' title='bbox 1222 3041 1331 3116; x_wconf 87' lang='lat' dir='ltr'>unice</span> <span class='ocrx_word' id='word_1_200' title='bbox 1367 3045 1451 3116; x_wconf 87' lang='lat' dir='ltr'>loco</span> <span class='ocrx_word' id='word_1_201' title='bbox 1477 3066 1580 3116; x_wconf 86' lang='lat' dir='ltr'>com-</span> 
     </span>
     <span class='ocr_line' id='line_1_22' title="bbox 162 3165 1575 3272; baseline 0.002 -32"><span class='ocrx_word' id='word_1_202' title='bbox 162 3177 437 3244; x_wconf 60' lang='lat' dir='ltr'>memoratur.</span> <span class='ocrx_word' id='word_1_203' title='bbox 463 3165 608 3242; x_wconf 79' lang='lat' dir='ltr'>Contra</span> <span class='ocrx_word' id='word_1_204' title='bbox 637 3165 669 3243; x_wconf 83' lang='lat'>8.</span> <span class='ocrx_word' id='word_1_205' title='bbox 684 3171 810 3244; x_wconf 81' lang='lat' dir='ltr'>Domus</span> <span class='ocrx_word' id='word_1_206' title='bbox 828 3169 865 3242; x_wconf 82' lang='lat' dir='ltr'>de</span> <span class='ocrx_word' id='word_1_207' title='bbox 882 3166 1032 3272; x_wconf 77' lang='lat' dir='ltr'>orfaniga</span> <span class='ocrx_word' id='word_1_208' title='bbox 1054 3169 1115 3245; x_wconf 88' lang='lat' dir='ltr'>seu</span> <span class='ocrx_word' id='word_1_209' title='bbox 1134 3167 1171 3240; x_wconf 85' lang='lat' dir='ltr'>de</span> <span class='ocrx_word' id='word_1_210' title='bbox 1195 3165 1366 3266; x_wconf 66' lang='lat' dir='ltr'>orfanisga</span> <span class='ocrx_word' id='word_1_211' title='bbox 1393 3169 1431 3240; x_wconf 90' lang='lat' dir='ltr'>in</span> <span class='ocrx_word' id='word_1_212' title='bbox 1456 3167 1575 3244; x_wconf 81' lang='lat' dir='ltr'>Catal.</span> 
     </span>
     <span class='ocr_line' id='line_1_23' title="bbox 159 3287 1581 3389; baseline -0.003 -22"><span class='ocrx_word' id='word_1_213' title='bbox 159 3317 246 3382; x_wconf 61' lang='lat' dir='ltr'>„en</span> <span class='ocrx_word' id='word_1_214' title='bbox 272 3287 565 3370; x_wconf 81' lang='lat' dir='ltr'>MCCCXLIV.</span> <span class='ocrx_word' id='word_1_215' title='bbox 591 3293 687 3368; x_wconf 88' lang='lat' dir='ltr'>inter</span> <span class='ocrx_word' id='word_1_216' title='bbox 721 3293 902 3370; x_wconf 86' lang='lat' dir='ltr'>Sororum</span> <span class='ocrx_word' id='word_1_217' title='bbox 928 3295 1062 3370; x_wconf 90' lang='lat' dir='ltr'>domos</span> <span class='ocrx_word' id='word_1_218' title='bbox 1089 3297 1326 3368; x_wconf 77' lang='lat' dir='ltr'>numeretur.</span> <span class='ocrx_word' id='word_1_219' title='bbox 1369 3294 1420 3368; x_wconf 87' lang='lat' dir='ltr'>At</span> <span class='ocrx_word' id='word_1_220' title='bbox 1455 3292 1581 3389; x_wconf 81' lang='lat' dir='ltr'>paullo</span> 
     </span>
     <span class='ocr_line' id='line_1_24' title="bbox 176 3414 1580 3516; baseline -0.002 -21"><span class='ocrx_word' id='word_1_221' title='bbox 176 3415 263 3516; x_wconf 74' lang='lat' dir='ltr'>post</span> <span class='ocrx_word' id='word_1_222' title='bbox 288 3414 362 3508; x_wconf 75' lang='lat' dir='ltr'>sere</span> <span class='ocrx_word' id='word_1_223' title='bbox 389 3415 550 3490; x_wconf 85' lang='lat' dir='ltr'>omnino</span> <span class='ocrx_word' id='word_1_224' title='bbox 575 3417 730 3516; x_wconf 75' lang='lat' dir='ltr'>collapsa</span> <span class='ocrx_word' id='word_1_225' title='bbox 764 3419 828 3492; x_wconf 79' lang='lat' dir='ltr'>iiia</span> <span class='ocrx_word' id='word_1_226' title='bbox 853 3437 953 3494; x_wconf 81' lang='lat' dir='ltr'>erat:</span> <span class='ocrx_word' id='word_1_227' title='bbox 991 3415 1038 3492; x_wconf 85' lang='lat' dir='ltr'>fic</span> <span class='ocrx_word' id='word_1_228' title='bbox 1071 3419 1174 3492; x_wconf 86' lang='lat' dir='ltr'>enirn</span> <span class='ocrx_word' id='word_1_229' title='bbox 1209 3415 1387 3493; x_wconf 81' lang='lat' dir='ltr'>hebemus</span> <span class='ocrx_word' id='word_1_230' title='bbox 1413 3418 1453 3492; x_wconf 88' lang='lat' dir='ltr'>in</span> <span class='ocrx_word' id='word_1_231' title='bbox 1491 3415 1580 3493; x_wconf 85' lang='lat' dir='ltr'>Ber·</span> 
     </span>
     <span class='ocr_line' id='line_1_25' title="bbox 162 3535 1579 3641; baseline -0.008 -21"><span class='ocrx_word' id='word_1_232' title='bbox 162 3541 349 3641; x_wconf 82' lang='lat' dir='ltr'>-gomcnfi</span> <span class='ocrx_word' id='word_1_233' title='bbox 375 3541 513 3620; x_wconf 84' lang='lat' dir='ltr'>Codice</span> <span class='ocrx_word' id='word_1_234' title='bbox 541 3565 602 3618; x_wconf 78' lang='lat' dir='ltr'>att.</span> <span class='ocrx_word' id='word_1_235' title='bbox 622 3535 855 3618; x_wconf 87' lang='lat' dir='ltr'>MCCCLX.</span> <span class='ocrx_word' id='word_1_236' title='bbox 880 3545 1009 3618; x_wconf 83' lang='lat' dir='ltr'>Domus</span> <span class='ocrx_word' id='word_1_237' title='bbox 1027 3547 1065 3619; x_wconf 82' lang='lat' dir='ltr'>de</span> <span class='ocrx_word' id='word_1_238' title='bbox 1083 3539 1251 3639; x_wconf 62' lang='lat' dir='ltr'>orsanrssge</span> <span class='ocrx_word' id='word_1_239' title='bbox 1276 3542 1364 3616; x_wconf 77' lang='lat' dir='ltr'>nibil</span> <span class='ocrx_word' id='word_1_240' title='bbox 1387 3541 1505 3616; x_wconf 77' lang='lat' dir='ltr'>habet.-</span> <span class='ocrx_word' id='word_1_241' title='bbox 1529 3537 1579 3616; x_wconf 82' lang='lat' dir='ltr'>iii</span> 
     </span>
     <span class='ocr_line' id='line_1_26' title="bbox 174 3662 1575 3763; baseline -0.001 -21"><span class='ocrx_word' id='word_1_242' title='bbox 174 3662 268 3750; x_wconf 76' lang='lat' dir='ltr'>liant</span> <span class='ocrx_word' id='word_1_243' title='bbox 304 3667 364 3748; x_wconf 81' lang='lat' dir='ltr'>due</span> <span class='ocrx_word' id='word_1_244' title='bbox 401 3670 589 3762; x_wconf 76' lang='lat' dir='ltr'>mulieres,</span> <span class='ocrx_word' id='word_1_245' title='bbox 625 3693 685 3763; x_wconf 81' lang='lat' dir='ltr'>que</span> <span class='ocrx_word' id='word_1_246' title='bbox 720 3666 857 3740; x_wconf 72' lang='lat' dir='ltr'>vadunt</span> <span class='ocrx_word' id='word_1_247' title='bbox 876 3665 1117 3742; x_wconf 79' lang='lat' dir='ltr'>mendicarum.</span> <span class='ocrx_word' id='word_1_248' title='bbox 1155 3665 1259 3742; x_wconf 88' lang='lat' dir='ltr'>Hinc</span> <span class='ocrx_word' id='word_1_249' title='bbox 1283 3665 1323 3740; x_wconf 90' lang='lat' dir='ltr'>in</span> <span class='ocrx_word' id='word_1_250' title='bbox 1349 3663 1489 3741; x_wconf 89' lang='lat' dir='ltr'>Codice</span> <span class='ocrx_word' id='word_1_251' title='bbox 1515 3686 1575 3740; x_wconf 81' lang='lat' dir='ltr'>nn.</span> 
     </span>
     <span class='ocr_line' id='line_1_27' title="bbox 169 3785 1574 3888; baseline 0.001 -24"><span class='ocrx_word' id='word_1_252' title='bbox 169 3787 453 3874; x_wconf 72' lang='lat' dir='ltr'>MOECXCV.</span> <span class='ocrx_word' id='word_1_253' title='bbox 479 3785 712 3887; x_wconf 78' lang='lat' dir='ltr'>Galgnrienfi</span> <span class='ocrx_word' id='word_1_254' title='bbox 746 3789 876 3864; x_wconf 88' lang='lat' dir='ltr'>domui</span> <span class='ocrx_word' id='word_1_255' title='bbox 909 3789 1104 3878; x_wconf 66' lang='lat' dir='ltr'>conjuncta</span> <span class='ocrx_word' id='word_1_256' title='bbox 1129 3793 1284 3868; x_wconf 87' lang='lat' dir='ltr'>dicitur.</span> <span class='ocrx_word' id='word_1_257' title='bbox 1314 3789 1415 3888; x_wconf 30' lang='lat' dir='ltr'>‚Tres</span> <span class='ocrx_word' id='word_1_258' title='bbox 1440 3793 1574 3866; x_wconf 87' lang='lat' dir='ltr'>deinde</span> 
     </span>
     <span class='ocr_line' id='line_1_28' title="bbox 170 3915 1571 4018; baseline -0.002 -26"><span class='ocrx_word' id='word_1_259' title='bbox 170 3915 369 3996; x_wconf 84' lang='lat' dir='ltr'>succedunt</span> <span class='ocrx_word' id='word_1_260' title='bbox 386 3915 684 3998; x_wconf 79' lang='lat' dir='ltr'>Humilintorum</span> <span class='ocrx_word' id='word_1_261' title='bbox 706 3915 867 4018; x_wconf 83' lang='lat' dir='ltr'>domus,</span> <span class='ocrx_word' id='word_1_262' title='bbox 893 3939 1048 4013; x_wconf 82' lang='lat' dir='ltr'>querum</span> <span class='ocrx_word' id='word_1_263' title='bbox 1077 3939 1218 3992; x_wconf 86' lang='lat' dir='ltr'>nomen</span> <span class='ocrx_word' id='word_1_264' title='bbox 1247 3937 1396 3996; x_wconf 83' lang='lat' dir='ltr'>tantum</span> <span class='ocrx_word' id='word_1_265' title='bbox 1423 3941 1469 3992; x_wconf 83' lang='lat' dir='ltr'>ex</span> <span class='ocrx_word' id='word_1_266' title='bbox 1496 3918 1571 3990; x_wconf 90' lang='lat' dir='ltr'>hnc</span> 
     </span>
     <span class='ocr_line' id='line_1_29' title="bbox 172 4038 1572 4136; baseline -0.003 -16"><span class='ocrx_word' id='word_1_267' title='bbox 172 4041 368 4134; x_wconf 81' lang='lat' dir='ltr'>Ceteiogo</span> <span class='ocrx_word' id='word_1_268' title='bbox 395 4038 603 4135; x_wconf 85' lang='lat' dir='ltr'>noscimus,</span> <span class='ocrx_word' id='word_1_269' title='bbox 626 4067 664 4136; x_wconf 84' lang='lat'>9.</span> <span class='ocrx_word' id='word_1_270' title='bbox 676 4048 802 4118; x_wconf 84' lang='lat' dir='ltr'>Demus</span> <span class='ocrx_word' id='word_1_271' title='bbox 826 4044 864 4115; x_wconf 86' lang='lat' dir='ltr'>de</span> <span class='ocrx_word' id='word_1_272' title='bbox 889 4045 924 4114; x_wconf 85' lang='lat' dir='ltr'>la</span> <span class='ocrx_word' id='word_1_273' title='bbox 941 4039 1084 4135; x_wconf 79' lang='lat' dir='ltr'>fontana</span> <span class='ocrx_word' id='word_1_274' title='bbox 1097 4071 1113 4134; x_wconf 90' lang='lat'><em>;</em></span> <span class='ocrx_word' id='word_1_275' title='bbox 1143 4063 1200 4119; x_wconf 86' lang='lat'>10.</span> <span class='ocrx_word' id='word_1_276' title='bbox 1227 4048 1354 4118; x_wconf 81' lang='lat' dir='ltr'>Demus</span> <span class='ocrx_word' id='word_1_277' title='bbox 1379 4045 1417 4118; x_wconf 85' lang='lat' dir='ltr'>de</span> <span class='ocrx_word' id='word_1_278' title='bbox 1443 4044 1572 4135; x_wconf 76' lang='lat' dir='ltr'>theno,</span> 
     </span>
     <span class='ocr_line' id='line_1_30' title="bbox 170 4167 1572 4262; baseline -0.004 -9"><span class='ocrx_word' id='word_1_279' title='bbox 170 4179 234 4258; x_wconf 81' lang='lat' dir='ltr'>vel</span> <span class='ocrx_word' id='word_1_280' title='bbox 260 4177 299 4250; x_wconf 84' lang='lat' dir='ltr'>de</span> <span class='ocrx_word' id='word_1_281' title='bbox 315 4174 418 4249; x_wconf 75' lang='lat' dir='ltr'>tinne</span> <span class='ocrx_word' id='word_1_282' title='bbox 429 4202 444 4262; x_wconf 92' lang='lat'>,·</span> <span class='ocrx_word' id='word_1_283' title='bbox 471 4197 528 4250; x_wconf 78' lang='grc' dir='ltr'>Η.</span> <span class='ocrx_word' id='word_1_284' title='bbox 555 4183 684 4250; x_wconf 80' lang='lat' dir='ltr'>Domus</span> <span class='ocrx_word' id='word_1_285' title='bbox 708 4177 747 4249; x_wconf 83' lang='lat' dir='ltr'>de</span> <span class='ocrx_word' id='word_1_286' title='bbox 770 4173 936 4249; x_wconf 68' lang='lat' dir='ltr'>iostnio.</span> <span class='ocrx_word' id='word_1_287' title='bbox 975 4167 1191 4246; x_wconf 71' lang='lat' dir='ltr'>Notiorest</span> <span class='ocrx_word' id='word_1_288' title='bbox 1222 4191 1276 4243; x_wconf 87' lang='lat'>12.</span> <span class='ocrx_word' id='word_1_289' title='bbox 1304 4175 1433 4248; x_wconf 79' lang='lat' dir='ltr'>Domm</span> <span class='ocrx_word' id='word_1_290' title='bbox 1458 4171 1496 4245; x_wconf 85' lang='lat' dir='ltr'>de</span> <span class='ocrx_word' id='word_1_291' title='bbox 1522 4169 1572 4248; x_wconf 83' lang='lat' dir='ltr'>io-</span> 
     </span>
     <span class='ocr_line' id='line_1_31' title="bbox 169 4293 1601 4404; baseline -0.003 -23"><span class='ocrx_word' id='word_1_292' title='bbox 169 4325 315 4404; x_wconf 81' lang='lat' dir='ltr'>tenugn,·</span> <span class='ocrx_word' id='word_1_293' title='bbox 345 4325 431 4375; x_wconf 80' lang='lat' dir='ltr'>nem</span> <span class='ocrx_word' id='word_1_294' title='bbox 457 4300 698 4396; x_wconf 79' lang='lat' dir='ltr'>&amp;supererat</span> <span class='ocrx_word' id='word_1_295' title='bbox 725 4295 1103 4389; x_wconf 82' lang='lat' dir='ltr'>nn.MCCCXLIV.,</span> <span class='ocrx_word' id='word_1_296' title='bbox 1122 4301 1158 4372; x_wconf 79' lang='lat' dir='ltr'>dt</span> <span class='ocrx_word' id='word_1_297' title='bbox 1185 4293 1507 4374; x_wconf 83' lang='lat' dir='ltr'>habemuschrti</span> <span class='ocrx_word' id='word_1_298' title='bbox 1526 4297 1601 4377; x_wconf 86' lang='lat' dir='ltr'>de.</span> 
     </span>
     <span class='ocr_line' id='line_1_32' title="bbox 172 4402 1564 4526; baseline -0.011 -18"><span class='ocrx_word' id='word_1_299' title='bbox 172 4427 341 4526; x_wconf 82' lang='lat' dir='ltr'>Regibus</span> <span class='ocrx_word' id='word_1_300' title='bbox 364 4422 560 4500; x_wconf 82' lang='lat' dir='ltr'>Generalis</span> <span class='ocrx_word' id='word_1_301' title='bbox 578 4402 883 4498; x_wconf 44' lang='lat' dir='ltr'>&#39;Humilietorum</span> <span class='ocrx_word' id='word_1_302' title='bbox 910 4419 1072 4520; x_wconf 79' lang='lat' dir='ltr'>Magistri</span> <span class='ocrx_word' id='word_1_303' title='bbox 1100 4423 1219 4496; x_wconf 82' lang='lat' dir='ltr'>literas</span> <span class='ocrx_word' id='word_1_304' title='bbox 1234 4445 1293 4516; x_wconf 70' lang='lat' dir='ltr'>nn.</span> <span class='ocrx_word' id='word_1_305' title='bbox 1309 4419 1564 4499; x_wconf 83' lang='lat' dir='ltr'>MCCCLIV.</span> 
     </span>
    </p>
   </div>
   <div class='ocr_carea' id='block_1_2' title="bbox 177 4541 1571 4747">
    <p class='ocr_par' dir='ltr' id='par_1_2' title="bbox 177 4541 1571 4747">
     <span class='ocr_line' id='line_1_33' title="bbox 177 4541 1571 4654; baseline -0.007 -22"><span class='ocrx_word' id='word_1_306' title='bbox 177 4553 248 4634; x_wconf 88' lang='grc' dir='ltr'>ΧΙ.</span> <span class='ocrx_word' id='word_1_307' title='bbox 262 4550 489 4654; x_wconf 72' lang='lat' dir='ltr'>jundatns,</span> <span class='ocrx_word' id='word_1_308' title='bbox 506 4548 636 4650; x_wconf 85' lang='lat' dir='ltr'>quibus</span> <span class='ocrx_word' id='word_1_309' title='bbox 655 4548 810 4624; x_wconf 87' lang='lat' dir='ltr'>domum</span> <span class='ocrx_word' id='word_1_310' title='bbox 833 4547 931 4624; x_wconf 82' lang='lat' dir='ltr'>hanc</span> <span class='ocrx_word' id='word_1_311' title='bbox 948 4545 1157 4626; x_wconf 83' lang='lat' dir='ltr'>Communi</span> <span class='ocrx_word' id='word_1_312' title='bbox 1179 4541 1417 4644; x_wconf 83' lang='lat' dir='ltr'>Bergomenfi</span> <span class='ocrx_word' id='word_1_313' title='bbox 1438 4546 1571 4646; x_wconf 75' lang='lat' dir='ltr'>domui</span> 
     </span>
     <span class='ocr_line' id='line_1_34' title="bbox 1429 4693 1520 4747; baseline 0 -1"><span class='ocrx_word' id='word_1_314' title='bbox 1429 4693 1520 4747; x_wconf 84' lang='lat' dir='ltr'>con·</span> 
     </span>
    </p>
   </div>
   <div class='ocr_carea' id='block_1_3' title="bbox 0 0 2026 5486">
    <p class='ocr_par' dir='ltr' id='par_1_3' title="bbox 0 0 2026 5486">
     <span class='ocr_line' id='line_1_35' title="bbox 0 0 2026 5486; baseline 0 6"><span class='ocrx_word' id='word_1_315' title='bbox 0 0 2026 5486; x_wconf 95' lang='lat' dir='ltr'> </span> 
     </span>
    </p>
   </div>
  </div>
 </body>
</html>
