4028 5492
416 517 1329 602 Anuoaacronrsnsaccussaret.
1454 543 1528 620 305

173 637 216 712 ni
242 642 427 717 canonico
453 643 611 721 Ecclefie
638 643 745 720 sandi
773 646 926 747 Georgii
954 649 1001 726 de
1030 654 1288 728 monteclaro
1313 645 1465 724 Ordinis
1493 649 1576 725 san·

173 762 220 840 sii
247 767 469 863 Augustini,
507 774 570 872 qui
596 775 641 849 de
667 799 752 851 cura
780 777 893 872 plebis
920 777 1028 876 ipsrus
1057 775 1121 853 fibi
1148 777 1366 874 respondere
1392 775 1574 868 debebat,

172 895 339 969 contulit
366 919 433 993 pro
458 895 518 974 sue
545 901 656 977 libito
684 905 883 981 voluntatis
909 910 987 1000 (3).
1017 903 1261 982 Postmodum
1284 923 1409 979 autem
1436 903 1578 980 alberto

172 1017 222 1096 dc
249 1043 372 1115 pauno
406 1025 604 1118 presbitero
631 1026 795 1105 Brixien.
821 1031 914 1104 dioc.
944 1027 1118 1103 asserente
1156 1027 1189 1104 sc
1228 1028 1423 1124 predidbam
1453 1025 1581 1102 Eccle-

172 1141 267 1220 fiam
295 1135 504 1221 sandl'orutn
531 1145 677 1224 faustini
704 1157 741 1228 dc
768 1149 890 1248 Jovite
916 1177 962 1228 ex
987 1155 1177 1228 colatione
1200 1153 1427 1228 Venerabilis
1454 1147 1577 1226 fratris

171 1265 290 1344 nostri
316 1269 513 1346 Brixiensrs
540 1270 708 1373 Episcopi
737 1281 791 1372 (4)
818 1278 1027 1372 obtinete,
1068 1279 1231 1376 acquod
1261 1297 1335 1351 tam
1364 1275 1435 1372 ipsc
1462 1329 1474 1368 ,
1511 1273 1576 1370 qui

171 1414 243 1488 pro
270 1394 454 1491 preposito
479 1396 626 1473 ecclesie
653 1397 789 1496 prefate
814 1402 851 1476 se
876 1402 999 1497 gerit,
1018 1425 1130 1502 quam
1160 1400 1417 1498 predecellores
1444 1399 1495 1476 sui
1517 1401 1577 1474 de·

169 1518 313 1612 cimas,
340 1541 477 1613 terras,
504 1519 761 1620 polselstones,
789 1523 949 1618 reditus,
973 1527 1133 1622 domos,
1155 1527 1317 1616 cineas,
1351 1543 1485 1621 prata,
1522 1547 1581 1620 pu

170 1642 284 1738 seua,
317 1669 502 1740 nemora,
539 1651 647 1742 luta,
683 1649 945 1728 iurisdidliones
971 1659 1006 1732 dc
1035 1657 1192 1752 quedam
1220 1651 1309 1726 allis
1337 1649 1435 1728 bona
1462 1649 1571 1745 ipsius

172 1772 323 1849 ccclefie
352 1776 546 1851 nonnullis
570 1777 708 1852 clericis
734 1782 770 1854 &
795 1778 938 1872 laycis,
974 1777 1156 1876 aliquibus
1191 1798 1324 1850 eorum
1362 1773 1407 1848 ad
1434 1775 1549 1850 vitant
1564 1829 1577 1870 ,

174 1897 391 1998 quibusdam
419 1924 507 1975 vero
533 1902 577 1976 ad
604 1927 682 1980 non
711 1905 902 1978 modicum
933 1925 1099 2000 tempuS,
1125 1906 1161 1980 &
1190 1899 1268 1974 aliis
1294 1922 1429 1997 perpe.
1457 1953 1467 1972 .
1498 1897 1580 1974 ,ad

172 2021 324 2100 firmam
353 2026 410 2099 vel
446 2023 510 2098 sub
535 2024 644 2100 censu
672 2048 801 2099 annuo
836 2027 969 2121 datis,
1007 2023 1112 2122 supet
1146 2029 1219 2103 hoc
1252 2025 1368 2099 literis
1402 2021 1577 2102 confecit

174 2150 328 2250 publicis
354 2147 642 2242 instrumentis,
680 2151 784 2246 penis
809 2152 953 2228 adieslis
973 2203 984 2244 ,
1006 2149 1121 2232 zl'nslis
1156 2149 1503 2228 renunciationibus
1537 2155 1575 2226 dt

173 2273 401 2372 interpositis
429 2275 642 2350 iuramentis
668 2274 916 2352 concesserant
952 2277 990 2353 in
1019 2299 1169 2374 gravem
1206 2273 1313 2372 ipstus
1341 2273 1500 2354 Ecclefie
1527 2277 1582 2350 le·

174 2405 346 2493 stonem,
372 2405 410 2478 ἀ
436 2401 535 2499 quod
562 2425 696 2480 eorum
723 2403 850 2502 alliqui
879 2396 982 2498 supet
1009 2400 1080 2475 hiis
1116 2402 1155 2478 in
1184 2400 1306 2477 forma
1332 2399 1527 2476 communi
1555 2422 1578 2474 tt

172 2531 268 2608 Sede
295 2524 492 2622 apostolica
519 2526 640 2603 literas
677 2528 945 2622 impetrarunt.
985 2526 1068 2603 Nos
1106 2529 1341 2627 supradislo,
1377 2529 1440 2626 qui
1477 2550 1580 2604 nunc

172 2651 254 2746 est,
278 2647 458 2746 Episcopo
482 2647 646 2724 Brixien.
673 2649 803 2726 nolitis
828 2652 995 2726 dedimus
1021 2652 1135 2726 literis
1161 2654 1200 2727 in
1228 2654 1442 2743 mandatis,
1468 2669 1511 2726 ut
1535 2674 1582 2728 es

173 2802 246 2878 quc
273 2777 318 2852 de
345 2773 452 2847 bonis
480 2771 639 2846 eiusdem
668 2771 826 2849 Ecclefie
862 2800 925 2870 per
949 2773 1196 2850 concessrones
1235 2774 1448 2850 huiusmodi
1474 2777 1579 2852 allic-

171 2921 264 2976 nata
290 2899 474 2974 inveniret
502 2897 714 2972 illicitevel
744 2894 944 2990 dist'rasla,
982 2921 1061 2970 non
1090 2897 1313 2972 obstantibus
1340 2902 1482 2994 litetiS,
1518 2903 1580 2976 in·

168 3021 415 3118 dit-umentis,
442 3023 572 3118 penis,
598 3019 1233 3116 iuramentis,¹renunciationibus‚
1258 3027 1296 3100 dc
1320 3023 1578 3102 confirmacio·

177 3150 289 3226 nibus
316 3144 522 3249 supradidlis
560 3147 605 3222 ad
632 3147 687 3222 ius
724 3149 760 3222 dr
799 3137 1058 3242 proprietatem
1095 3145 1203 3245 ipstus
1227 3147 1386 3227 Eccleste
1411 3153 1581 3248 legitime

177 3295 402 3366 revocaret,
433 3274 717 3350 contradidiotes
743 3269 1021 3368 percensuram
1049 3267 1334 3350 Ecclesrallicam
1361 3279 1576 3374 appellatio·

144 3389 147 3394 ⁸
177 3427 226 3477 nc
256 3397 451 3498 poslpofita
476 3394 764 3492 compescendo.
803 3391 978 3494 Cumque
1007 3419 1233 3476 memoratus
1260 3399 1435 3478 Albcnus
1458 3401 1584 3502 Magi·
1643 3405 1646 3412 ’

179 3525 295 3604 strum
320 3529 359 3603 bc
383 3521 515 3600 fratres
542 3521 716 3634 predidlos
740 3518 846 3618 super
869 3521 1081 3601 huiusmodi
1107 3549 1204 3624 parte
1224 3529 1426 3605 domorum
1450 3529 1587 3632 &pos-

181 3645 379 3728 seffionum
410 3647 517 3745 ipsus
541 3643 700 3722 Ecclefie
726 3647 927 3722 cistaliter
955 3647 1158 3746 affignata,
1184 3657 1221 3730 δε
1248 3655 1463 3750 persedens
1492 3685 1582 3758 apo.

178 3777 346 3856 stolicam
372 3775 620 3868 confirmata,
645 3797 733 3874 quau
773 3797 852 3850 non
881 3799 944 3879 pet
968 3774 1215 3884 concelstones
1241 3779 1453 3861 huiusmodi
1482 3789 1582 3866 altie-

232 3909 338 3978 Tam.
357 3907 407 3975 ll.
931 3895 1016 3999 Qq
1425 3933 1535 3988 natas
1557 3899 1562 3906 ’

192 4063 268 4113 ά·-

179 4189 225 4268 (3)
248 4187 311 4245 lioc
329 4184 416 4256 ipsum
446 4145 721 4248 innatt'donlffinus
739 4183 859 4246 Urlnen·
934 4201 1066 4246 numento
1084 4187 1257 4261 colligimus.
1365 4221 1375 4238 e

219 4287 257 4348 fis
272 4281 492 4356 archiepiscopus
499 4283 671 4354 Gradoplcps
677 4290 768 4358 (desse
778 4289 854 4344 Sace.
891 4281 935 4358 (a)
956 4283 1331 4359 brixienfissspisconusemt
1348 4288 1481 4359 ltoeatm
1493 4289 1576 4350 Mar.

214 4403 282 4458 pag.
301 4383 395 4450 nn),
415 4381 459 4440 ubi
480 4397 570 4442 tamen
589 4401 637 4440 nec
654 4383 788 4442 Canonlcl
810 4399 860 4440 no-
934 4381 1028 4450 tinus.
1046 4381 1153 4459 dequo
1170 4385 1234 4448 vide
1242 4386 1395 4450 aaronis,
1413 4389 1583 4452 mmm,

225 4503 306 4552 mess,
325 4499 374 4540 noc
394 4477 558 4538 Moualiecii
573 4479 684 4536 Montis
702 4480 779 4539 Clari
800 4481 868 4536 titu-
937 4495 1003 4551 m.
1022 4488 1084 4538 stt·

226 4581 270 4644 bu
294 4573 452 4650 i'aduntue,
480 4589 540 4654 quc
565 4591 602 4634 ut
628 4573 872 4639 oodroltocmo-
919 4582 923 4588 “
