4020 5490
211 618 215 628 .
280 583 285 593 ⁴
389 543 891 630 Annocacaosttaos
930 565 1299 628 transnatat.
1419 564 1492 640 401

8 679 12 688 '
157 671 279 748 nollre
303 672 576 767 collationis&
603 673 821 774 provisionis
847 699 888 752 ac
911 671 1186 754 constitutionis
1211 671 1446 767 infringere,
1487 671 1548 746 vel

156 800 191 874 ei
217 795 306 876 auso
333 800 526 876 tctnerario
552 781 756 875 contraire.
796 799 842 880 Si
862 801 944 900 quis
968 818 1091 876 autem
1126 799 1199 874 hoe
1227 814 1443 894 attemptare
1471 805 1549 892 pre'-

154 921 351 1021 sumpserit
373 923 668 1024 indignationem
696 925 967 1020 omnipotentis
989 925 1074 1016 dei,
1098 927 1136 1004 lit
1161 923 1353 1002 beatorum
1381 921 1477 998 Petri
1510 925 1548 999 lt

153 1044 262 1124 Pauli
290 1047 541 1146 apostolorum
568 1047 643 1138 eins
670 1047 705 1124 sc
732 1050 876 1125 noverit
901 1045 1157 1126 incursurum.
1198 1044 1341 1123 Datum
1371 1043 1547 1122 Tcrdooe

155 1169 348 1260 lllltkal.
373 1173 512 1273 Aprilis
537 1168 779 1250 Pontificatus
811 1173 959 1254 domini
975 1169 1194 1252 'Clementis
1226 1193 1318 1268 pape
1343 1169 1407 1246 vt.
1442 1193 1546 1248 cono

154 1297 301 1392 ntimo.

362 1506 517 1594 Domus
551 1503 863 1626 sirmitanam
901 1509 955 1596 aa·
983 1509 1114 1596 Metro
1146 1447 1342 1608 crearem

434 1669 653 1783 conjunliio
686 1697 773 1756 cum
801 1673 1040 1790 Monasterio
1066 1669 1275 1772 sennensi.

174 1961 179 1970 ,
214 1907 293 2000 unp.
311 1909 337 1965 9.
354 1895 425 1972 Ape.
447 1893 496 1954 Ex
514 1899 648 1958 Monam.
662 1895 815 1960 Mooaller.
830 1897 980 1961 Lenaeos·
993 1898 1075 1962 edne
1091 1917 1108 1958 a
1125 1893 1172 1956 cl.
1186 1893 1218 1956 Ρ.
1235 1893 1346 1960 Lucilio
1363 1849 1430 1973 1515·δ
1445 1907 1492 1972 ⁸⁴⁴
1564 1950 1569 1988 1

154 2043 221 2208 L
270 2051 436 2236 *148
472 2055 531 2131 ‘In
557 2051 695 2132 Christi
734 2059 912 2134 nominc.
951 2059 1103 2136 Amen.
1144 2056 1265 2133 Anno
1301 2081 1324 2132 a
1358 2059 1552 2137 nativitate

225 2171 243 2210 0
439 2177 457 2216 0

160 2263 162 2268 ,
483 2181 642 2273 ejusdem
664 2179 863 2259 millesimo
876 2183 1132 2262 trecentesimo
1146 2179 1425 2285 quadragesimo
1440 2207 1549 2260 nono

152 2275 365 2380 indictione
390 2300 566 2382 secunda.
605 2303 683 2383 Die
710 2329 817 2382 nono
844 2307 979 2384 meolis
1004 2304 1167 2404 Aprilis,
1194 2309 1234 2379 lo
1259 2288 1407 2381 ecclelia
1434 2309 1546 2385 santii

152 2421 301 2502 Marchi
327 2429 461 2506 domus
485 2431 577 2506 litte
601 2431 647 2506 de
672 2432 800 2508 medio
834 2429 917 2508 scita
956 2433 997 2506 in
1025 2449 1193 2506 contrata
1220 2427 1326 2504 sanai
1353 2427 1546 2506 Laurentii

10 2575 20 2586 ·
154 2549 476 2645 .··ivirarisssrtxle‚
503 2551 726 2648 presentibus
750 2556 909 2631 domino
937 2577 1002 2652 pre
1030 2550 1207 2649 johanne
1232 2551 1277 2627 cle
1303 2549 1431 2629 Asulla
1470 2579 1549 2652 pre·

155 2673 303 2771 sbytero
329 2671 571 2754 Ecclefiarum
599 2676 805 2756 scottorum
820 2675 1016 2774 Augustini
1044 2681 1081 2753 &
1101 2673 1261 2751 Faustini
1290 2677 1328 2752 in
1343 2677 1455 2755 castro
1472 2679 1551 2757 Bri·

155 2801 251 2892 xis,
286 2791 481 2894 Johani‘no
504 2799 725 2877 Gandolfini
753 2799 960 2900 speciano,
997 2802 1033 2876 &
1058 2797 1290 2896 Johanino,
1327 2803 1388 2900 qui
1415 2803 1547 2879 dicitur

154 2927 344 3002 ventaclus
367 2925 414 3002 de
438 2923 576 3020 Gaydo
615 2921 762 3001 testibus
797 2926 957 3020 rogatis.
996 2923 1051 2999 lbi
1078 2922 1190 3001 frater
1215 2920 1473 3020 Mayfrcdinus
1505 2927 1551 3003 de

154 3045 342 3126 Bittizolis
368 3052 527 3146 prelatus
550 3049 684 3133 domus
709 3049 800 3124 diste
830 3048 876 3122 de
904 3049 1027 3124 medio
1051 3049 1205 3124 civitatis
1231 3047 1356 3126 Brixie
1383 3071 1551 3149 esempte

155 3174 300 3252 ordinis
324 3173 638 3264 humiliatorum,
663 3169 776 3248 irater
800 3169 954 3248 Betinus
980 3171 1025 3246 dc
1051 3165 1216 3266 Visano,
1243 3177 1280 3252 lit
1307 3171 1417 3252 frater
1437 3173 1553 3272 joha·

156 3300 271 3378 oinos
297 3297 343 3374 de
368 3296 510 3373 Niardo
535 3297 580 3373 de
608 3295 897 3387 Valmmooica3
924 3294 1038 3371 Soror
1064 3291 1229 3374 Stefania
1255 3297 1302 3375 dc
1328 3353 1372 3375 ..
1402 3355 1412 3378 .
1439 3356 1449 3377 .
1481 3303 1554 3378 mi·
1615 3361 1620 3372 .

160 3419 300 3516 nistra,
326 3423 442 3502 soror
462 3417 702 3498 Benevenuta
728 3425 773 3498 de
799 3419 994 3514 Mezanis,
1018 3421 1132 3498 Soror
1159 3423 1351 3518 Agnelioa
1375 3425 1421 3502 de
1450 3425 1554 3504 Visa-

159 3571 240 3640 no,
266 3551 303 3624 ὃ(
328 3547 443 3624 Soror
466 3547 654 3648 Johanioa
680 3550 726 3624 de
751 3548 946 3646 bagnolo,
985 3569 1117 3621 omnes
1154 3543 1314 3643 fratres,
1348 3553 1385 3629 ὅ(
1411 3551 1554 3634 sorores

160 3672 255 3749 sicle
279 3671 413 3750 domus
437 3673 482 3747 ad
507 3675 721 3771 capitalium
760 3673 807 3749 de
833 3673 1015 3748 mandato
1047 3671 1130 3748 dilli
1158 3668 1379 3768 Mayfredini
1418 3700 1551 3756 eornm

161 3800 313 3898 prelati,
339 3817 381 3874 ut
408 3801 522 3875 moris
548 3799 622 3893 etl,
649 3824 715 3898 pro
742 3797 975 3893 infrascriptis
1002 3794 1202 3892 specialiter
1218 3801 1448 3896 congregati,
1464 3827 1555 3880 con.

162 3925 307 4006 fitentes
332 3925 368 4003 se
393 3923 429 4002 se
453 3921 522 4002 else
546 3947 680 4002 omncs
703 3921 863 4016 fratres,
901 3927 938 4000 &
964 3918 1106 3998 sorores
1140 3919 1319 3998 habentes
1344 3947 1473 4000 vocem
1516 3929 1558 4003 in

161 4052 340 4150 capitulio
365 4049 458 4128 diste
482 4051 641 4143 domus,
667 4049 774 4124 omni
804 4043 944 4137 modo,
968 4043 1070 4136 jure,
1095 4040 1296 4136 neaufle,
1322 4047 1452 4144 quibus
1473 4073 1553 4128 me.

163 4183 235 4256 lios
262 4193 491 4274 potuerunt,
530 4173 686 4250 nomine
712 4163 812 4264 suo,
845 4175 882 4248 ὃ(
909 4171 1088 4262 nomine,
1115 4173 1151 4246 &
1178 4168 1254 4243 vice
1279 4169 1372 4246 dicte
1398 4171 1459 4250 sne
1485 4176 1557 4256 dn.

163 4331 273 4398 mus,
298 4300 485 4400 capitulli,
510 4295 546 4376 &
572 4317 775 4374 conventus
800 4295 960 4387 eiusdem
985 4293 1177 4384 fecerunt,
1199 4289 1492 4394 constituerunt,
1512 4303 1551 4382 ὰ

163 4435 428 4510 ordinaverunt
457 4423 670 4520 magistrum
694 4423 876 4499 Borioum
910 4422 956 4498 de
978 4419 1138 4496 Nicolao
1172 4415 1397 4512 preposrtuor
1431 4421 1552 4506 sanae

164 4557 290 4653 thegle
317 4549 525 4629 Mediolon.
552 4569 658 4644 non,
690 4555 727 4628 &
754 4545 912 4628 Mestum
946 4547 991 4622 de
1024 4541 1196 4622 besozcro
1220 4543 1314 4644 dioc,
1339 4533 1507 4653 Mediola
1534 4581 1562 4634 n

216 4688 316 4758 Tem.
340 4679 389 4754 11.
892 4669 1021 4756 Eec
1424 4699 1488 4782 pre
