3978 5484
395 541 1312 630 Auuortrrouroorrenuerem.
1429 569 1503 644 127

156 657 336 741 dederunt
364 670 400 744 dt
426 672 557 743 omnia
582 665 646 746 sua
673 671 773 750 bonu
800 681 947 774 pignori
975 679 1272 776 obligaverunt,
1303 675 1351 750 ita
1378 692 1419 748 ut
1445 674 1552 770 quili-

158 783 216 860 ber
242 811 375 866 eorum
402 793 441 868 io
467 792 624 872 solidum
652 804 843 878 conveniri
873 801 1010 900 polin,
1046 801 1178 904 prefati
1204 803 1404 881 Romanus
1430 799 1549 875 &ur-

153 915 291 990 noldus
317 943 390 992 uun
416 945 500 996 cum
526 943 658 998 eorum
687 925 879 1003 heredibus
904 930 1024 1004 eidem
1051 931 1189 1006 Suzoni
1218 933 1255 1006 dt
1282 924 1353 1002 suis
1380 921 1549 999 succedo·

148 1036 275 1131 dbur,
300 1043 336 1116 dt
361 1043 419 1117 cui
443 1044 609 1139 dederit,
636 1049 687 1122 ita
714 1051 813 1148 quod
837 1049 1038 1127 defendent
1063 1055 1101 1128 dt
1128 1051 1401 1146 guarentabunt
1428 1046 1544 1144 ipsam

148 1175 286 1238 terrum
312 1168 358 1240 ub
382 1169 487 1243 omni
515 1167 674 1246 lromiue
698 1176 807 1252 omni
834 1195 1033 1274 tempore,
1060 1198 1100 1254 ut
1129 1178 1334 1252 venditores
1359 1177 1540 1273 emptori,

144 1287 215 1362 usu
241 1292 277 1364 dt
302 1293 417 1388 lege,
442 1296 481 1368 dt
507 1290 703 1392 spetialiter
729 1299 775 1371 ab
801 1301 906 1372 omni
934 1299 1093 1372 homine
1120 1299 1228 1378 omni
1255 1317 1455 1394 tempore,
1482 1301 1543 1374 cui

141 1411 192 1488 el>
210 1413 262 1488 eis
280 1411 379 1499 leret
399 1415 584 1512 obligata.
610 1416 764 1515 Insuper
783 1418 1077 1514 investiverunt,
1096 1425 1132 1498 δι
1155 1424 1194 1496 in
1217 1419 1323 1498 suum
1344 1419 1544 1518 posuerunt

137 1543 269 1620 locum
299 1543 444 1643 prediiii
474 1543 668 1623 Romanus
692 1551 732 1626 dt
758 1549 936 1626 ernoldus
961 1544 1078 1644 ipsum
1107 1549 1296 1624 Sunonem
1323 1547 1369 1622 nd
1396 1564 1542 1642 partem

138 1668 237 1743 diste
262 1673 559 1768 congregationis
583 1673 750 1749 cedendo
776 1674 811 1748 ei
838 1698 953 1749 omne
979 1674 1034 1762 jus
1058 1679 1096 1756 dt
1124 1675 1315 1763 artiones,
1350 1673 1387 1747 dt
1414 1695 1535 1770 recep-

137 1792 274 1868 tionee
295 1797 350 1869 eis
369 1815 619 1892 competenter
645 1796 683 1870 in
711 1793 849 1892 prefata
874 1819 1003 1892 terra,
1034 1797 1096 1876 seu
1121 1817 1253 1874 eontra
1280 1798 1441 1894 aliquem
1470 1821 1538 1893 pro

139 1916 218 2014 ipsu
245 1939 365 2014 terra,
391 1923 443 1998 itu
468 1944 509 2002 ut
536 1949 598 2021 per
618 1926 748 1999 omnin
769 1925 809 1997 in
831 1947 963 1998 eorum
982 1925 1107 2000 locum
1128 1920 1173 1998 stt
1195 1922 1240 1999 nd
1263 1941 1402 2017 purtem
1429 1921 1539 2020 ipsrue

140 2045 481 2139 congregotionie.
517 2045 664 2124 Exinde
688 2043 841 2122 fuerunt
865 2041 1015 2118 conferti
1042 2041 1186 2140 prediiii
1212 2039 1339 2118 fratres
1375 2047 1541 2142 recepitie

139 2187 162 2240 n
185 2165 330 2262 prefato
351 2169 499 2244 Surone
516 2193 564 2244 ex
585 2187 684 2262 parte
704 2165 874 2260 sepedtue
893 2167 1184 2263 congregationis
1204 2168 1344 2260 argenti
1360 2167 1535 2247 denarios

130 2285 262 2364 bonos
289 2274 387 2366 nove
415 2307 566 2365 monete
591 2293 646 2385 (4)
669 2286 780 2362 libras
807 2306 877 2364 tres
903 2312 969 2385 pro
996 2290 1113 2386 pretio
1146 2289 1300 2386 predtue
1338 2312 1463 2383 terre,
1498 2296 1537 2370 dt

131 2397 402 2492 renuntiarere
426 2414 634 2510 exceptioni
676 2435 758 2486 non
796 2429 989 2487 numerate
1020 2412 1177 2512 dareque
1214 2415 1405 2512 pecunie,
1446 2418 1533 2516 quie

133 2535 184 2614 lie
210 2537 310 2611 iuter
335 2560 399 2612 eos
425 2539 621 2622 convenit,
649 2535 785 2612 Atium
810 2537 852 2612 in
881 2533 1017 2633 prefata
1042 2538 1209 2612 civitate.

240 2663 400 2758 Signum
422 2689 606 2742 munuum
629 2665 871 2760 proditionum
893 2663 1058 2742 Romani
1081 2667 1118 2742 dt
1139 2665 1326 2761 rimoldi,
1347 2669 1409 2766 qui
1436 2668 1539 2754 hene

139 2787 333 2879 thartam,
356 2805 400 2866 ιιι
425 2785 554 2882 supra,
581 2781 657 2860 fieri
686 2806 930 2886 rogaverunt.

237 2912 399 3009 Signum
419 2937 603 2988 munuum
624 2909 777 2988 bunoldi
800 2911 1008 2988 Sterunooi
1030 2910 1076 2986 de
1100 2912 1183 2986 loco
1204 2909 1369 3008 uboldo,
1392 2919 1429 2996 ὅ(
1452 2920 1535 2997 vin.

138 3035 248 3112 eentii
275 3036 414 3112 bronze
441 3035 594 3132 prediile
617 3037 774 3110 civitatis
800 3056 1015 3132 rogatorum
1042 3035 1211 3114 testium.

237 3161 321 3262 Ego
344 3163 556 3242 Gulielmut
587 3158 633 3237 de
666 3160 773 3236 vulto
796 3159 911 3238 dietus
937 3160 1024 3239 sacri
1055 3163 1177 3262 palatii
1205 3163 1372 3242 notarius
1397 3166 1527 3249 tradidi

143 3295 180 3370 it
203 3289 347 3391 scripfi.
1520 3317 1522 3324 ’

136 4281 179 4359 (ι)
194 4279 391 4354 fariulorum
406 4277 525 4351 scilieet.
545 4281 579 4342 de
593 4278 692 4354 oubur
706 4277 811 4351 eginur
883 4273 965 4340 unt
981 4275 1138 4342 Artem
1146 4270 1453 4334 &retinentium
1459 4273 1524 4332 Me·

171 4376 328 4453 pgurnlri
345 4377 418 4436 eninr
435 4393 550 4438 monere
558 4393 634 4437 nore
643 4377 812 4447 nomineno-
886 4371 1078 4440 dirimenfirnn
1092 4371 1173 4431 Neue
1188 4371 1321 4444 llorere.
1338 4371 1471 4434 videlicet
1487 4369 1525 4436 dt

170 4475 357 4550 pellebantur.
373 4475 416 4532 ltu
432 4473 461 4533 in
475 4474 569 4532 charo
585 4492 628 4530 uro
645 4473 806 4532 tremi.
879 4469 1038 4534 sacrorn.

170 4575 242 4649 auu
259 4573 312 4640 et
336 4572 475 4649 rutum
490 4569 504 4647 (
519 4566 607 4632 uem.
623 4567 666 4628 r.
680 4570 729 4630 rr
741 4587 806 4643 m.
