3978 5484
403 537 903 618 Annorrstoutnus
944 565 1312 622 tuenstuens
1429 539 1540 642 137'

160 653 386 752 persolvetis
424 661 487 738 De
514 661 672 740 artificiis
697 685 820 742 autern
846 721 859 763 ,
885 695 954 769 que
982 677 1134 771 propriis
1161 676 1329 750 manibus
1354 672 1551 762 exercetis,
1627 707 1632 720 ·

154 799 327 881 ortorum
353 769 554 880 frudlibt'rs,
580 791 619 866 δι
646 789 847 870 rellrorum
874 797 1092 876 animalium
1122 797 1391 890 nutrimentis,
1420 797 1550 882 trullus

154 927 176 992 ιι
201 905 308 995 robis
331 907 485 988 decimus
510 913 676 1010 exigere,
703 919 760 992 vel
785 939 1002 1020 extorquere
1028 922 1245 1021 presumat,
1269 943 1312 998 ut
1337 945 1384 998 ert
1409 923 1452 995 iis
1477 922 1550 1014 lat-p
1550 939 1566 968 s·

149 1028 277 1124 giores
302 1031 511 1129 oblationes
534 1037 727 1134 Ecclesris,
752 1042 1000 1124 &uberiores
1019 1044 1273 1142 eleemosynas
1294 1045 1543 1148 indigentibus
1583 1029 1586 1036 ¹
1626 1037 1629 1044 ’
1673 1106 1675 1114 ,

151 1157 399 1253 impendatis
428 1161 490 1238 Ad
511 1161 743 1260 prestandum
766 1191 854 1242 vero
874 1169 1128 1271 juramentum
1148 1198 1228 1253 non
1250 1197 1316 1249 ros
1335 1169 1547 1262 indiscretus

148 1281 460 1380 velJpontsneus
484 1292 685 1364 voluntatis
710 1289 855 1368 uffettus
881 1294 1062 1384 inducatt
1095 1293 1155 1370 led
1190 1297 1217 1374 sr
1252 1296 1401 1396 quaudo
1428 1293 1542 1372 luerit

148 1403 401 1488 fotendum·
390 1411 526 1508 urgens
552 1417 589 1490 dt
613 1437 751 1512 urgens
785 1415 999 1502 neceffittris
1023 1423 1201 1500 articulus
1226 1420 1299 1496 to‘s
1314 1423 1545 1516 compellat.-
1596 1407 1599 1412 ⁸

152 1533 405 1624 lodiscretam
438 1537 544 1615 enim
572 1541 616 1624 dt
651 1539 937 1637 spontnnetnt
923 1546 1162 1632 rurationem
1184 1563 1262 1623 tent
1297 1541 1500 1620 Christus
1490 1567 1550 1621 tn.

149 1652 362 1758 Evangelio
382 1715 394 1754 ,
419 1685 531 1761 quem
549 1657 713 1758 intubus
737 1665 916 1763 prohibet.
934 1671 975 1744 itt
994 1663 1151 1766 epistota
1171 1723 1183 1762 ‚
1205 1669 1361 1746 ditent:
1389 1669 1551 1749 Didium·

144 1781 205 1860 est
230 1785 421 1884 antiquis:
456 1808 536 1869 non
563 1788 787 1894 periurabiu
823 1795 948 1878 reddes
973 1815 1097 1877 autern
1118 1791 1303 1874 *Domino
1328 1793 1551 1886 juramenta,

127 1927 250 2027 tus:
285 1931 358 2006 ego
383 1930 509 2001 sutem
527 1915 616 1997 ,dico
637 1917 745 2000 'uobis
771 1939 852 1995 non
877 1917 996 2011 iurare
1022 1922 1218 2014 omnino,
1254 1943 1372 2019 neque
1401 1944 1462 2015 per
1486 1943 1549 2010 ιιι
1682 1899 1685 1913 ’

145 2037 234 2115 lum
253 2088 275 2128 ,,
291 2037 376 2137 quis
404 2037 564 2116 thronus
589 2038 775 2134 Deiest,
801 2065 921 2140 neque
949 2063 1009 2138 per
1036 2062 1173 2120 terrant
1195 2097 1207 2138 ‚
1232 2047 1316 2143 quis
1342 2043 1550 2124 scabellum·-

143 2155 201 2236 est
229 2160 365 2258 pedum
390 2159 493 2254 ejus,
520 2187 638 2262 neque
664 2189 727 2261 per
752 2163 1051 2260 Jetololyrntm,
1076 2167 1162 2264 quit
1181 2168 1310 2244 civitas
1335 2164 1386 2244 est
1412 2170 1545 2268 magni

144 2285 282 2380 regis,
309 2293 428 2382 neque
455 2307 518 2381 per
544 2305 651 2384 capnt
676 2305 783 2368 tunm
806 2290 928 2386 squirs
955 2309 1036 2366 non
1057 2280 1168 2385 ‘potes
1193 2275 1310 2368 ficere
1337 2315 1457 2368 unum
1481 2313 1550 2382 cet-j

138 2410 281 2509 pillum
309 2405 435 2484 elbum
462 2411 518 2488 vel
545 2415 723 2509 nigrum.
750 2411 873 2490 Item:
900 2412 1164 2508 semonnia,
1188 2411 1316 2496 fratres
1340 2418 1442 2508 mei,
1469 2433 1549 2502 noe

143 2537 215 2613 lite
239 2533 359 2623 iurare
384 2517 504 2652 neque
530 2559 594 2634 per
618 2537 768 2628 ectum,
791 2557 915 2636 neque
939 2559 1006 2633 per
1030 2553 1191 2634 terram,
1219 2563 1337 2640 neque
1358 2560 1420 2639 per
1441 2538 1548 2626 aliud

146 2659 408 2759 quodcumque
444 2658 748 2752 juramentum
744 2661 868 2740 Cum
902 2663 1023 2756 dicit,
1060 2665 1179 2742 nolite
1216 2664 1364 2760 iurare,
1399 2665 1548 2762 proibet

147 2788 374 2884 jurationem
393 2769 661 2905 spontaneum,
688 2785 774 2882 quin
800 2787 966 2862 videlieet
987 2811 1067 2864 non
1089 2787 1140 2864 est
1160 2789 1372 2882 voluntate,
1399 2785 1474 2866 sed
1480 2809 1547 2868 ne·
1661 2851 1665 2857 .

147 2911 308 2992 tellitete
334 2911 553 3036 iurandum:
580 2933 666 2986 cum
692 2909 820 3005 addit,
846 2933 964 3010 neque
991 2935 1054 3009 per
1077 2914 1222 3004 telum,
1249 2937 1369 3011 neque
1387 2935 1466 3010 per
1474 2929 1550 2990 ter

153 3061 268 3131 runt,
302 3017 523 3124 iurationem
560 3035 731 3133 prohibet
765 3033 1030 3130 indiscretam,
1067 3036 1152 3134 quit
1186 3037 1351 3114 videlicet
1386 3061 1467 3116 non
1493 3038 1548 3118 est

152 3161 351 3254 iurandum
377 3184 439 3258 per
464 3178 700 3254 ereattuam,
738 3157 799 3240 sed
825 3162 945 3258 tnagis
971 3185 1034 3259 per
1070 3178 1295 3238 creatorem
1333 3157 1390 3238 Sit
1417 3179 1546 3243 sutem

152 3283 272 3366 sermo
294 3283 434 3378 vellet,
458 3279 533 3376 est,
556 3281 632 3374 est,
658 3305 764 3376 non,
789 3307 893 3376 non3
918 3281 1008 3360 idest
1027 3285 1127 3385 quod
1156 3283 1383 3368 affirmando,
1398 3285 1455 3360 rel
1480 3303 1546 3376 ne·¹

153 3415 277 3513 gendo
303 3406 471 3509 profertis
496 3431 542 3488 ex
565 3433 656 3501 ore,
673 3411 820 3505 ¹gerrttis
845 3413 886 3487 in
911 3412 1045 3488 eorde.
1081 3409 1173 3488 Non
1200 3411 1306 3488 enim
1333 3412 1378 3488 sd
1406 3409 1545 3508 fintpli·

151 3562 229 3620 cent
255 3533 547 3612 affirmationem
567 3535 624 3609 rel
645 3535 887 3628 negationem
914 3533 951 3608 id
978 3536 1164 3631 pertinet,
1188 3533 1249 3612 sed
1271 3535 1392 3630 potius
1414 3533 1460 3610 sd
1481 3557 1542 3612 ve·

149 3683 265 3736 renent
282 3687 299 3750 1;
344 3681 429 3736 eum
461 3655 629 3734 Christus
663 3655 861 3734 secundum
894 3653 1083 3754 Joannem
1118 3655 1330 3757 frequenter
1363 3661 1460 3736 dicat
1494 3661 1539 3738 in

149 3781 376 3882 Evangelio:
400 3805 510 3858 tmen
531 3805 641 3858 tmen
661 3784 744 3858 dico
766 3781 891 3858 vobis.
912 3773 1025 3875 Quod
1045 3799 1168 3856 eutem
1190 3783 1261 3856 biis
1282 3783 1540 3860 abundantius

147 3908 226 4002 est,
252 3931 275 3988 a
300 3911 399 3986 malo
423 3905 500 3998 est,
525 3929 605 3982 non
633 3927 712 3982 tam
736 3907 842 4004 culpe
867 3929 979 4004 quam
1006 3925 1124 4000 pene,
1151 3927 1217 3980 nec
1244 3924 1321 3981 tam
1347 3906 1537 3994 iuramen-

150 4051 235 4112 tum
263 4029 450 4130 prestantis
474 4055 591 4130 quem
615 4031 821 4130 exigentis,
845 4033 944 4132 quod
969 4032 1098 4131 utique
1121 4032 1166 4110 de
1185 4031 1347 4132 quadarn
1362 4032 1532 4111 incredu-

149 4159 265 4238 litatis
291 4153 504 4234 infirmitate
530 4158 722 4256 procedit,
754 4158 853 4256 quod
878 4156 1018 4255 semper
1043 4155 1175 4255 speblnt
1201 4155 1247 4233 ed
1272 4180 1408 4252 pentrn
1428 4213 1441 4252 ,
1465 4157 1534 4237 etl‘r

150 4315 229 4368 non
256 4285 398 4382 semper
422 4279 466 4356 nd
491 4281 665 4378 culpam.
703 4277 816 4379 Qtod
842 4302 968 4360 autem
995 4283 1168 4378 exigente
1201 4279 1419 4358 neeeffitatis
1445 4284 1533 4358 arti·

149 4421 230 4494 tulo
256 4415 352 4490 licite
380 4395 480 4509 possi
503 4407 613 4498 iurari
639 4409 746 4484 docet
772 4407 955 4507 apostolus
980 4407 1133 4484 dicens:
1162 4405 1337 4484 homines
1365 4431 1426 4506 per
1451 4433 1529 4485 ma·

150 4545 262 4634 iorem
290 4532 340 4612 sui
365 4533 515 4625 jurant,
539 4537 576 4609 bt
603 4533 727 4608 omnis
752 4529 997 4612 controverfie
1022 4531 1185 4633 ipsorum
1212 4529 1296 4609 finis
1322 4533 1368 4608 td
1394 4531 1531 4610 confir.

199 4678 298 4748 Tem.
325 4669 375 4742 ΙΙ.
881 4663 908 4740 S
1349 4665 1484 4742 mutio·
