3978 5484
400 509 1312 611 Art-unnnrtoursus,tntusrnnr's.
1426 527 1499 619 131

167 644 395 726 seculorum.
432 646 608 747 Ieremias
631 649 746 726 etiam
771 649 996 748 prophetans
1019 649 1064 725 de
1092 650 1167 744 iis,
1192 650 1256 749 qui
1283 668 1449 742 tempore
1473 665 1552 742 gra·

168 779 215 854 tie
239 771 359 854 futuri
385 792 488 854 erant
514 773 683 854 testatur:
711 771 960 868 pejuratum,
986 776 1077 852 uiuit
1090 771 1310 865 Dominus,
1336 774 1378 848 in
1404 778 1558 844 scritate

158 903 197 978 bt
224 898 267 976 itt
293 897 427 990 iudicio
449 899 489 974 bt
513 896 647 988 justitia
671 903 709 977 dt
728 899 948 976 benedicent
969 921 1056 978 eum
1078 920 1231 997 gentes,
1257 897 1447 998 ipsumque
1474 898 1555 968 lau·

155 1023 321 1105 dabunt·
350 1021 448 1102 Nam
476 1029 514 1103 bt
540 1020 676 1102 Paulus
700 1027 834 1122 legitur
861 1022 1068 1123 frequentet
1095 1020 1241 1114 iurasse.
1266 1021 1410 1114 Testis,
1436 1021 1558 1119 inquit

151 1146 204 1224 est
231 1148 327 1224 mihi
353 1144 464 1226 Deus
484 1153 521 1226 dt
547 1173 612 1246 pet
636 1145 791 1222 vestram
817 1149 1010 1244 gloriam,
1034 1145 1195 1241 fratres,
1219 1173 1334 1251 quem
1360 1147 1481 1224 babeo
1515 1147 1557 1220 iri

151 1271 307 1352 Christo
333 1269 442 1370 Jesu.
469 1271 668 1352 Postremo
690 1271 779 1346 srcut
802 1269 997 1346 Dominus
1019 1252 1130 1348 dicit‘.
1157 1273 1301 1346 Omnia
1323 1253 1557 1374 quecumque

152 1398 294 1492 uoltis,
333 1417 376 1478 ιιι
401 1395 541 1476 saciant
567 1393 671 1472 vobit
696 1392 872 1470 homines
898 1417 965 1470 vos
989 1391 1095 1474 facite
1122 1398 1205 1472 illis.
1222 1391 1410 1472 semiliter:
1443 1391 1550 1468 Con·

150 1523 462 1604 tenditnribttate
477 1541 551 1616 per
574 1515 768 1618 angustam
792 1537 941 1614 portant
961 1547 972 1610 ;
994 1520 1081 1621 quia
1106 1519 1202 1598 areta
1229 1521 1287 1598 uia
1313 1516 1387 1610 est,
1413 1523 1450 1596 bt
1479 1542 1544 1592 ntr-

148 1648 262 1748 gusta
284 1665 494 1747 perteque
523 1649 626 1728 ducit
660 1645 708 1722 ad
743 1643 895 1750 uitam,
931 1649 968 1722 ἃ
1001 1644 1106 1744 pauci
1142 1645 1227 1726 sunt
1257 1647 1321 1748 qui
1356 1645 1558 1722 inveniunt

148 1777 366 1868 camelam
386 1797 518 1856 contre
542 1781 583 1858 dt
607 1775 764 1875 spaciosa
792 1775 884 1866 via,
916 1797 987 1873 que
1006 1776 1110 1855 ducit
1137 1775 1182 1854 ad
1205 1774 1492 1872 perditionem,
1519 1777 1556 1854 dt

151 1901 269 1983 multi
293 1897 378 1982 sunt
403 1904 464 2004 qui
500 1903 645 1983 intrant
670 1909 735 2002 pe'r
766 1925 883 1982 eam:
919 1903 1015 2000 agite
1047 1905 1168 2002 itaque
1200 1903 1478 2001 penitentiam,
1513 1907 1552 1980 dt

150 2028 282 2110 nothe·
301 2042 477 2128 peccaret
502 2053 589 2106 curn
614 2025 794 2108 omuibus
818 2027 1036 2104 bominibus
1065 2051 1193 2128 pacem
1227 2029 1390 2120 habete3
1422 2029 1549 2108 usuras

150 2159 191 2236 dt
219 2158 351 2234 omnin
383 2157 483 2234 male
516 2155 637 2232 ablata
669 2153 843 2241 reddite3
876 2175 957 2230 non
989 2155 1097 2229 enim
1129 2157 1332 2231 remittitur
1362 2173 1553 2252 peecatum

150 2284 229 2362 nifi
250 2283 461 2360 restituatur
479 2281 670 2372 ablatum3
693 2285 730 2360 dt
752 2281 800 2356 de
820 2277 965 2370 injuriis
985 2281 1066 2358 aliis
1082 2279 1184 2360 faciit
1203 2278 1416 2358 satisfacite.
1438 2277 1555 2360 Unde
1717 2263 1720 2272 ’

17 2403 19 2406 ¹
150 2397 693 2500 D⁰mi⁰”⁸'i²13⁹²”80110=
727 2397 1191 2482 stoliersmunustuutn
1223 2427 1313 2485 ante
1337 2408 1488 2500 altare,
1522 2411 1560 2488 dt
1617 2431 1620 2438 ·

152 2528 207 2608 ibi
233 2529 446 2606 recordatus
468 2524 609 2619 tueris,
631 2525 731 2626 quod
756 2523 870 2605 fratm
894 2545 979 2605 tuus
1003 2527 1117 2607 hebet
1143 2531 1280 2630 aliquid
1302 2532 1474 2612 adversus
1499 2553 1557 2629 te,

153 2659 326 2758 relinque
350 2655 400 2734 ibi
427 2657 700 2731 munus'tuunt
727 2647 988 2749 anteritate,
1023 2660 1060 2736 bt
1087 2656 1178 2760 tede
1204 2659 1302 2754 prius
1326 2659 1559 2736 reconciliari

153 2769 260 2888 fratri
289 2801 381 2878 tuo,
406 2783 445 2858 bt
469 2797 563 2856 tnnc
585 2779 739 2856 veniens
761 2777 858 2856 offer
884 2801 1022 2856 munus
1046 2799 1179 2856 tuum.
1207 2776 1384 2860 Decimae
1404 2805 1567 2888 quoque*

157 2905 280 2982 notite
307 2902 518 3000 poffidere,
551 2900 735 3002 quoniam
768 2925 828 2978 eas
861 2903 962 2978 laicis
993 2900 1169 3001 pofftderc
1195 2908 1409 2986 nullatcnus
1439 2910 1551 2990 linet:

157 3029 255 3108 unde
278 3026 487 3124 Gregorius
511 3023 717 3122 septimus:
751 3021 931 3104 Decimae
961 3052 1053 3130 ques
1076 3029 1117 3108 in
1139 3025 1252 3108 usum
1284 3033 1429 3131 pietatis
1457 3061 1550 3113 eon.

159 3155 264 3234 celsas
295 3153 367 3232 effe
397 3149 593 3234 Canonica
623 3149 821 3230 austeritas
859 3149 1158 3250 demonstrarat,
1190 3179 1213 3232 s
1250 3155 1350 3236 laicis
1381 3155 1554 3258 poliideri

163 3279 358 3380 apostolica
382 3277 599 3354 euboritete
624 3275 888 3378 prohibemus:
914 3275 987 3354 [ιιι
1003 3277 1107 3356 enim
1123 3279 1394 3392 abepiscopis,
1419 3287 1478 3363 vei
1493 3307 1552 3363 re·

163 3407 296 3506 gibus,
321 3405 381 3484 vel
405 3397 623 3504 quibuslibet
646 3399 812 3502 personis
837 3405 1076 3503 acceperint,
1110 3378 1180 3488 nili
1206 3405 1366 3487 Eeclefie
1392 3390 1559 3490 reddide-

164 3534 264 3662 rint,
288 3529 403 3608 sciant
431 3527 468 3606 se
493 3523 665 3626 sacrilegii
691 3527 833 3602 crimen
858 3530 1098 3610 committere
1123 3532 1162 3612 bt
1186 3531 1314 3612 eterne
1346 3534 1561 3618 damnatio.

163 3649 222 3738 nis
246 3659 449 3759 periculum
475 3649 684 3730 Incurrere.
706 3643 924 3728 Decimae
912 3654 1027 3751 tgitu't
1047 3661 1087 3736 bt
1111 3649 1293 3757 primiciae
1310 3653 1561 3757 clericique
1511 3659 1561 3740 '

161 3807 256 3890 quoe
279 3783 498 3880 pertinent,
521 3775 821 3876 distribuendas,
845 3771 1022 3860 canonice
1045 3779 1249 3868 secuudum
1270 3785 1558 3890 dispositionem

163 3909 351 3992 diocesani
371 3907 540 4010 Episcopi
565 3903 801 4008 persolvetis,
833 3903 935 3985 Nam
959 3909 1060 4010 quod
1082 3909 1245 3990 wdecimas
1271 3931 1440 4012 oporteat
1464 3913 1554 3998 dare

165 4038 361 4156 Dominus
384 4031 579 4114 ostendit
567 4061 609 4116 tn
635 4029 870 4132 Evangelio:
903 4029 960 4113 Ve
986 4033 1090 4113 vobis
1113 4031 1237 4115 Scribe
1260 4040 1300 4118 dt
1325 4034 1459 4115 Farisei
1485 4036 1558 4136 hy·

166 4167 333 4268 pocrite,
356 4163 421 4262 qui
444 4157 637 4239 decimatis
661 4177 865 4252 mentam,
890 4160 927 4238 dt
952 4175 1140 4253 anetum,
1164 4157 1202 4241 bt
1237 4179 1354 4242 omne
1377 4165 1495 4260 olus,
1520 4169 1558 4251 dt

169 4290 377 4392 relinquitis
398 4279 470 4386 qu'e
492 4279 660 4386 'graviora
685 4265 770 4363 sunt
794 4283 887 4381 legis
910 4334 923 4378 ,
947 4275 1119 4373 iudicium
1139 4333 1153 4378 ,
1176 4286 1215 4364 be
1241 4283 1527 4368 miscricordiam

168 4421 205 4497 tr
229 4413 374 4494 iidem:
401 4411 476 4490 hoc
498 4413 603 4492 enim
626 4411 793 4512 oportuit
817 4406 967 4503 faeere,
1000 4411 1039 4488 bt
1063 4405 1128 4490 illa
1155 4431 1234 4486 non
1261 4415 1456 4492 omittere
1472 4371 1572 4494 Do

166 4542 221 4621 his
245 4563 372 4622 autern
396 4536 573 4620 frunitus
595 4537 635 4615 bc
659 4527 921 4631 proventibus,
946 4533 1009 4634 qui
1034 4551 1232 4614 remanent
1256 4535 1358 4636 apud
1371 4561 1438 4617 voa
1460 4539 1605 4620 'elce
