4052 5486
1149 2 1208 275 l

501 551 574 650 184
727 553 1578 642 Hnuitrtroitnulllouuiieurii

553 677 650 754 ltem
678 679 832 776 probare
859 683 1050 777 intendit,
1090 685 1189 784 quod
1218 685 1280 782 ipsi
1310 684 1478 785 preposui
1507 685 1579 760 sire
1606 675 1679 778 ipsa
1705 673 1853 754 ecclesia

451 803 595 900 abipso
622 809 792 903 'ternpore
819 805 913 882 infra
939 835 1014 908 quo
1039 807 1109 884 suit
1136 809 1355 902 hedificare,
1377 809 1510 886 steterit
1531 814 1567 884 dt
1589 801 1698 882 fuerit
1718 798 1853 898 absque

455 931 578 1028 aliqua
605 933 867 1028 procuratione
890 955 938 1005 ex
963 932 1089 1008 debito
1114 933 1200 1010 data
1228 940 1267 1010 in
1295 933 1367 1033 ipsa
1395 932 1541 1010 ecclesia
1578 929 1650 1004 five
1686 950 1753 1025 pro
1778 923 1854 1023 ipsa

451 1055 597 1133 ccclesia
623 1057 798 1130 omnium
827 1059 1047 1138 sanderum·
1065 1057 1208 1157 prefato
1236 1061 1392 1135 domino
1418 1055 1588 1158 episcopo
1615 1056 1671 1130 rel
1697 1048 1857 1129 anteces-

457 1181 596 1258 soribus
623 1177 695 1254 suis
720 1183 776 1254 vel
804 1180 881 1271 ejus
910 1187 1083 1260 notariis.

553 1305 600 1379 In
631 1309 788 1380 nomine
813 1305 961 1380 domini
990 1331 1121 1383 amen.
1158 1307 1283 1384 Testes
1311 1307 1502 1384 Zancbelli
1530 1308 1576 1384 de
1603 1303 1752 1382 mellesc
1781 1301 1857 1378 sin·

453 1433 522 1510 dici
549 1431 697 1506 domini
725 1429 894 1530 prepofiti
932 1436 969 1510 dt
995 1433 1129 1508 domus
1156 1435 1330 1508 omnium
1358 1432 1567 1508 sanctorum
1607 1432 1679 1506 ricc
1711 1433 1749 1504 dt
1786 1447 1860 1501 no·

457 1560 560 1634 mitte
588 1559 686 1630 illius
712 1558 846 1632 domus
871 1581 1000 1636 contra
1027 1562 1224 1634 dominum
1249 1557 1297 1632 Ο.
1321 1559 1378 1631 dei
1401 1561 1520 1653 gratia
1546 1555 1756 1634 laudensem
1779 1554 1859 1650 epi-

456 1679 604 1782 scopum
635 1681 791 1758 nomine
818 1677 884 1757 suo
911 1688 948 1761 dt
975 1677 1586 1782 episcopatusMCCXXXlll.die
1614 1676 1858 1760 renerisXV.

452 1809 510 1888 dle
539 1806 704 1905 augusti.

555 1929 751 2007 Dominus
774 1929 864 2031 Ugo
891 1931 1003 2010 stater
1030 1937 1064 2012 dt
1095 1935 1182 2008 alias
1211 1931 1410 2030 prepositus
1437 1933 1582 2012 ecclesie
1621 1931 1682 2007 seu
1719 1931 1863 2006 domin

449 2059 623 2136 omnium
649 2052 856 2134 sandorum
883 2057 1025 2146 juratus
1037 2109 1231 2134 ......
1259 2063 1295 2135 dt
1319 2043 1435 2152 dixit,
1456 2061 1555 2157 quod
1575 2057 1754 2132 dominus
1782 2077 1863 2153 prc-

448 2187 591 2288 positus
617 2181 798 2263 lafrancus
825 2189 880 2283 (3)
910 2183 981 2263 suit
1011 2184 1210 2286 prepositus
1236 2185 1275 2259 in
1297 2184 1389 2260 dida
1409 2185 1554 2261 ecclesia
1583 2185 1759 2261 omnium
1782 2181 1861 2258 san·

449 2321 593 2394 &orum
622 2330 708 2386 ante
743 2307 777 2384 sc
806 2308 969 2402 sellem,
1012 2331 1077 2387 nec
1102 2311 1215 2385 credit
1255 2334 1324 2384 nec
1358 2307 1419 2384 scit
1458 2310 1557 2406 quod
1584 2305 1655 2404 ipse
1681 2306 1857 2382 dominns

450 2436 658 2540 prepositus
685 2431 868 2510 lasianeus
894 2431 993 2508 soret
1022 2434 1158 2529 positus
1185 2434 1224 2506 in
1252 2430 1466 2527 possessione
1505 2437 1562 2509 vel
1590 2433 1689 2534 quafi
1729 2437 1784 2514 rel
1816 2435 1856 2508 in

450 2561 622 2636 cathedra
652 2555 713 2632 sue
740 2556 961 2658 prepositure
988 2581 1050 2653 per
1075 2553 1283 2653 episcopum
1311 2557 1522 2636 laudensem
1560 2583 1628 2636 nec
1656 2587 1717 2658 per
1745 2579 1853 2636 nota·

449 2691 545 2763 rium
564 2681 740 2783 ,dtquod
767 2674 967 2777 prepositus
997 2679 1180 2756 lafrancus
1205 2675 1274 2754 suit
1304 2681 1441 2778 primus
1469 2683 1669 2782 prepositus
1696 2687 1736 2760 in
1757 2685 1852 2762 dicta

450 2809 619 2896 ecclesiae
645 2809 796 2886 &dixit
821 2809 922 2907 quod
951 2807 1024 2905 ipse
1052 2805 1147 2882 tellis
1172 2803 1241 2882 snit
1263 2807 1466 2908 prepositus
1490 2810 1582 2886 dille
1607 2808 1755 2886 ecclcfic
1778 2807 1854 2908 post

456 2935 571 3033 ipsum
599 2933 801 3010 dominum
831 2931 1052 3031 prepositum
1081 2927 1323 3023 lafrancum,
1350 2933 1396 3020 ‚dt
1435 2956 1503 3009 nec
1538 2932 1599 3010 scit
1637 2959 1703 3014 nec
1735 2937 1863 3028 credit,

454 3062 622 3138 similiter
643 3061 689 3137 de
712 3059 744 3134 sc
772 3061 871 3159 quod
897 3059 1074 3136 dontinus
1109 3054 1296 3154 episcopus
1323 3055 1504 3132 laudensi
1533 3059 1749 3138 interfuisset
1790 3085 1853 3140 nee

454 3187 531 3278 eius
560 3185 750 3276 notarius,
780 3203 897 3280 neque
923 3182 1022 3280 quod
1049 3205 1136 3256 eum
1163 3185 1203 3256 in
1231 3177 1483 3278 possessionem
1514 3187 1569 3260 rel
1592 3185 1693 3286 quasi
1720 3185 1851 3286 posuis·

454 3311 543 3404 set,
584 3331 701 3406 neque
729 3313 768 3382 in
796 3303 916 3380 sedem
943 3307 1006 3384 sne
1035 3303 1255 3403 prepofiture
1288 3305 1387 3379 illius
1420 3305 1590 3384 ecclesie.
1630 3311 1728 3390 Item
1763 3313 1851 3392 dixit
1996 3329 1997 3340 ³

453 3440 554 3541 quod
583 3461 648 3510 nec
675 3436 784 3512 eredit
815 3459 881 3512 ricc
909 3433 1000 3528 scit,
1027 3433 1123 3532 quod
1144 3430 1458 3510 dietusdominus
1486 3435 1671 3534 episcopus
1695 3457 1758 3514 aut
1779 3438 1852 3528 ejus

452 3567 619 3640 notarius
646 3557 764 3634 suisset
794 3557 979 3655 presens,
1016 3555 1162 3656 quando
1188 3553 1258 3632 suit
1284 3553 1397 3634 salius
1424 3561 1481 3634 vel
1510 3561 1677 3638 iiidudlut
1704 3564 1744 3637 in
1774 3559 1851 3662 pos·
1995 3639 1996 3675 ,

452 3667 650 3768 sessionem
679 3687 732 3758 vel
761 3679 861 3783 quasi
889 3687 946 3760 vel
973 3687 1013 3760 in
1040 3683 1252 3760 cathedram
1280 3683 1457 3762 dominus
1482 3685 1571 3761 dom
1595 3685 1848 3791 Ubertus,qui

456 3839 557 3891 nunc
582 3809 633 3887 est
662 3807 859 3906 prepositus
887 3810 983 3886 illins
1009 3807 1155 3886 ecclesie
1180 3832 1191 3899 3
1232 3829 1299 3880 ricc
1327 3805 1388 3883 scit
1418 3831 1485 3883 nec
1511 3815 1622 3888 credit
1656 3817 1756 3914 quod
1784 3819 1844 3892 iili·

451 3944 532 4042 quis
562 3938 726 4013 notarius
752 3931 896 4006 domini
924 3930 1079 4029 episcopi
1108 3927 1331 4026 suprascripti
1367 3931 1583 4012 interfuisset
1620 3940 1664 4014 ad
1692 3943 1843 4038 predicta
1993 3961 1994 4022 j

456 4071 513 4144 vel
540 4069 580 4142 in
609 4061 763 4160 predida
791 4051 1099 4131 confirmatione.
1139 4053 1235 4129 Item
1268 4055 1361 4131 dixit
1394 4057 1493 4155 quod
1535 4083 1602 4136 nec
1635 4066 1748 4140 credit
1783 4087 1845 4141 nce
1993 4059 1994 4147 l

452 4193 549 4282 scit,
584 4186 685 4286 quod
711 4207 773 4280 per
801 4178 835 4256 se
863 4203 930 4256 nec
957 4203 1018 4278 per
1046 4179 1140 4255 alios
1167 4177 1400 4278 prepositos,
1438 4185 1499 4280 qui
1527 4181 1676 4266 suerunt
1703 4213 1789 4268 ante
1813 4187 1847 4268 se

1740 4322 1797 4395 vel

457 4437 1827 4479 Q

448 4515 587 4670 (Ἤ)
512 4513 587 4569 lim
600 4507 710 4567 icllesi
716 4507 797 4576 licet,
815 4527 862 4582 qui
880 4513 1002 4574 Romam
1021 4513 1123 4572 edlu
1198 4511 1428 4587 legsl’ontifieia
1446 4515 1611 4579 audiuntote
1631 4519 1838 4595 comprobaren-

531 4611 618 4666 cuitu
622 4606 718 4666 ulll.
745 4603 936 4678 mimmii
960 4611 1128 4672 utsuntttm
1204 4627 1265 4674 tut

1564 4845 1632 4869 ..m
