4008 5494
468 517 1381 604 Annonant-nrtrunsincoronata,
1505 515 1579 614 283

231 633 364 712 habere
387 639 532 738 debet,
567 651 604 726 dt
629 647 779 745 potesta
815 653 854 730 dt
879 653 1045 751 precipue
1072 650 1162 730 ssent¹
1184 646 1393 748 Propositus
1419 647 1455 724 dt
1485 641 1631 719 Fratres

229 761 268 836 dt
291 757 452 842 Ecclesia
475 767 611 848 domus
635 772 679 848 dc
699 773 945 876 Rondtnrtria
970 777 1107 856 habent
1121 779 1171 854 dt
1197 774 1332 852 habere
1357 767 1627 850 consueverunt

229 883 271 960 iu
297 883 457 968 Ecclesia
482 888 544 968 seu
569 894 689 972 domo
712 897 837 978 saneti
863 899 989 981 Luche
1016 903 1061 980 de
1083 899 1208 980 Brixia
1235 905 1317 998 (ς),
1340 903 1381 976 dc
1391 893 1577 976 Fratribus
1595 896 1633 974 dt

230 1031 421 1091 conventu
446 1015 606 1108 ejusdem
631 1075 643 1116 ,
678 1027 716 1104 bt
743 1049 821 1102 non
850 1029 958 1104 aliter
984 1051 1052 1107 nec
1077 1030 1154 1105 alio
1179 1027 1297 1104 modo
1321 1047 1434 1125 quam
1464 1019 1537 1120 ipsa
1562 1020 1631 1096 do·¹

228 1159 314 1214 tnus
339 1139 385 1218 de
410 1139 677 1238 Rundanstia,
703 1145 741 1225 dt
769 1143 1010 1247 Prepofirus,
1043 1156 1081 1232 bt
1106 1151 1249 1228 Fratres
1273 1145 1434 1239 eiusdem
1462 1144 1631 1238 habent,

229 1263 269 1358 ἃς
295 1261 430 1342 habere
454 1264 726 1350 consueverunt
752 1276 794 1352 in
821 1274 1039 1372 ipsadomo
1058 1275 1130 1354 'seu
1152 1271 1346 1365 Ecclesia,
1381 1269 1630 1350 &fratribus

231 1385 268 1462 dt
295 1385 502 1466 Conventu
527 1387 829 1476 Humiliatorum
864 1401 988 1478 Sandi
1012 1399 1144 1477 anhc
1181 1399 1227 1472 de
1253 1395 1411 1474 brixia.
1452 1395 1514 1472 ab
1552 1395 1634 1472 aliis

230 1533 319 1588 tero
345 1511 554 1612 supradidlis
578 1520 817 1617 petitionibus
844 1526 885 1600 in
907 1525 1037 1602 libello
1058 1519 1332 1624 comprehenfis
1352 1520 1531 1618 preditlos
1545 1519 1631 1598 Fra·

230 1657 328 1716 trent
349 1636 640 1741 Meliorellum,
675 1653 713 1728 bt
741 1648 906 1728 Fratrem
932 1651 1226 1741 Benzinenum,
1263 1651 1300 1728 dt
1326 1669 1389 1746 pet
1415 1669 1478 1724 eos
1512 1641 1631 1744 ipsam

227 1763 388 1844 domum
416 1769 477 1846 seu
503 1768 729 1869 Ecclesiam,
754 1775 978 1871 &·Fratres,
1003 1780 1041 1857 dt
1062 1775 1305 1874 Capitulum,
1330 1776 1370 1851 dt
1392 1788 1629 1850 conventum

231 1885 419 1987 ejusdem,
438 1896 475 1970 ἀ
494 1898 698 1993 quemlibet
724 1901 768 1976 de
794 1901 868 1999 ipsa
885 1904 1005 1980 domo
1019 1901 1320 1980 Humiliatornm
1342 1899 1518 1977 omnium
1534 1895 1632 1976 Ssu-

230 2013 374 2092 dorum
400 2018 446 2093 de
470 2015 658 2096 Florentia
686 2019 934 2116 absolvimus,
955 2029 993 2103 dc
1013 2049 1077 2100 ens
1103 2030 1140 2104 dt
1165 2022 1368 2122 quemlibet
1393 2041 1526 2099 eorum
1548 2019 1632 2098 red·

223 2140 347 2218 dimus
372 2139 579 2220 absolutos.
605 2143 654 2221 Et
683 2146 752 2224 hee
776 2151 909 2224 omnia
937 2149 1278 2244 pronuntiaverunt⁴
1299 2141 1397 2220 salva
1419 2141 1559 2240 semper
1585 2146 1631 2222 in

222 2269 333 2346 omni
360 2264 470 2356 casu,
495 2273 532 2347 dt
561 2272 600 2345 in
626 2273 792 2370 quolibet
819 2274 1006 2369 capitulo,
1033 2273 1259 2364 reverentia,
1279 2273 1318 2348 bt
1341 2270 1628 2363 obedientia,&

226 2391 474 2484 auctoritate,
516 2398 552 2472 ὅ(
579 2393 844 2470 dominatione
870 2395 1039 2491 Magistri
1079 2394 1369 2475 totiusordinis
1394 2391 1630 2470 Humiliato·

229 2539 342 2608 rum,
368 2517 405 2592 dc
431 2513 506 2602 ejus
533 2513 768 2610 visitatione,
794 2521 832 2596 dc
858 2520 1081 2596 correctione
1107 2521 1145 2596 dt
1168 2519 1451 2596 dominatione.
1479 2514 1529 2596 Et
1557 2517 1627 2594 hec

233 2642 364 2720 omnia
393 2643 430 2718 dc
456 2638 599 2737 singula
625 2643 814 2737 dicimus,
839 2646 890 2721 ⁴&
927 2667 990 2741 per
1022 2639 1509 2722 sententiamdiffinitivam
1544 2665 1631 2739 pro·

232 2769 452 2846 nuntiamus
478 2768 690 2846 andloritate
717 2765 881 2844 Domini
897 2765 1017 2864 Pape,
1044 2791 1115 2867 qua
1141 2763 1357 2864 fungimur,
1383 2771 1422 2846 bt
1447 2764 1630 2846 infrascri-

229 2895 299 2994 ptis
326 2891 551 2992 presentibus
577 2889 740 2991 predidis
768 2892 958 2990 partibus,
983 2897 1030 2972 'dt
1057 2892 1266 2983 volentibus
1292 2897 1337 2971 a&
1361 2888 1626 2972 annuntient

55 3032 61 3040 “
226 3018 293 3098 bus
319 3023 357 3098 bt
382 3001 539 3115 predisia
565 3019 729 3112 omnis,
768 3022 806 3096 bt
834 3016 1004 3118 fingula,
1028 3023 1066 3096 dc
1091 3015 1316 3117 infrascripta
1341 3039 1421 3098 rata
1454 3023 1501 3099 de·
1517 3018 1625 3099 firma

234 3144 479 3238 habentibus,
506 3148 544 3222 bt
571 3143 784 3222 volentibus
809 3145 1006 3242 predidnm
1033 3147 1279 3241 sententiam,
1307 3149 1344 3226 dt
1368 3169 1412 3224 ea
1437 3148 1570 3224 omnia
1592 3152 1632 3227 dc

232 3270 494 3370 singula,que
521 3268 560 3344 in
584 3291 629 3344 ea
653 3269 921 3364 continentur,
949 3272 1045 3346 inter
1066 3271 1236 3369 prodidi-as
1262 3288 1376 3366 partes
1395 3269 1525 3347 debere
1544 3295 1624 3370 per·

231 3412 345 3496 petuo
372 3391 510 3470 attendi
524 3445 537 3486 ,
562 3394 600 3470 de
626 3393 893 3474 inviolabiliter
918 3392 1123 3471 observari.
1163 3393 1284 3473 Eser
1311 3417 1412 3478 nunc
1444 3419 1506 3492 per
1546 3395 1626 3484 sen-

232 3521 390 3599 tentiam
416 3517 784 3596 excommunicamus
811 3515 1046 3618 infrascriptis
1072 3517 1190 3616 (s..in
1219 3519 1277 3594 his
1303 3518 1468 3617 scriptis)
1503 3523 1627 3600 ausin·

230 3647 339 3722 ritate
363 3631 531 3722 Domini
557 3625 687 3741 Pape,
723 3669 796 3742 qua
821 3642 1051 3743 fungimur,
1088 3662 1232 3743 partem
1256 3647 1301 3736 de
1328 3646 1491 3746 predillis
1518 3649 1631 3746 parti,

231 3773 324 3866 bus,
347 3775 385 3850 dt
411 3793 545 3846 omnes
572 3765 743 3866 personas
770 3766 835 3848 seu
856 3769 1045 3870 srngulas,
1071 3770 1315 3865 &rdomum,
1339 3775 1377 3850 dt
1397 3771 1565 3868 Fratres,
1588 3777 1627 3854 dt

228 3915 458 3998 conventum
485 3895 585 3974 illins
608 3893 793 3989 Emlesre,
826 3921 903 3996 que
924 3899 1065 3974 venerit
1091 3915 1223 3972 contra
1251 3897 1448 3994 predidant
1475 3897 1625 3975 senten-

230 4030 349 4120 tiam,
374 4029 411 4103 bt
435 4047 597 4124 ea,pque
624 4023 664 4100 in
691 4022 846 4119 predids
873 4019 1056 4100 sententia
1081 4022 1346 4098 continentur.
1373 4021 1424 4099 Et
1448 4023 1519 4100 hee
1541 4049 1625 4100 om.

228 4157 291 4238 nia
317 4155 357 4232 dc
382 4147 527 4246 singula
552 4142 670 4242 satta,
707 4149 745 4226 dt
768 4147 862 4226 diua
882 4149 901 4243 ,'
932 4151 970 4227 bt
995 4145 1235 4246 pronuntiata
1260 4140 1346 4222 sunt
1370 4169 1434 4245 per
1453 4144 1620 4247 supradi-

519 4271 523 4278 ’
683 4283 687 4287 ’
741 4277 744 4284 ’
937 4269 978 4350 Ν
1004 4295 1030 4348 n
1081 4291 1107 4348 ι
1232 4317 1234 4322 -
1448 4337 1452 4349 ,
1496 4275 1572 4352 dos

228 4479 271 4554 (r)
290 4477 337 4538 Ex
354 4475 428 4536 bisce
445 4467 537 4532 verbis
553 4467 713 4542 colligimus
737 4467 908 4530 Brixiensern
956 4423 957 4427 Ἰ
981 4437 1098 4533 milleris
1118 4430 1262 4538 fundarent
1282 4461 1382 4531 luisse.
1463 4481 1485 4492 ”¹

255 4577 296 4642 ·S·
315 4577 398 4640 Luce
414 4569 527 4634 domurn
547 4563 841 4632 ailondenstieafibru
850 4567 913 4629 ltu.
1082 4565 1086 4572 ·
1306 4577 1308 4582 ,
1479 4591 1480 4596 ,
