4028 5492
423 515 1338 606 Annoaatroutsustransnatat.
1454 535 1534 622 319
1676 525 1685 548 ⁴

181 642 536 724 communicationis
562 649 668 724 acin
697 647 832 729 virtute
858 649 978 732 saner
1004 655 1215 734 obedientie
1243 651 1398 730 disttidle
1425 647 1577 749 precipi-

176 789 260 845 mus
287 775 324 853 bt
350 771 609 865 mandamus,
648 793 831 872 quatenus
857 801 922 856 vos
949 782 1005 855 vel
1032 783 1129 856 alter
1155 780 1349 872 vestrum,
1388 777 1437 852 ita
1477 771 1579 874 quod

11 923 12 932 ¹
155 933 160 948 „
175 896 267 978 alter
293 897 449 972 alterum
487 896 526 970 in
553 903 774 980 executione
811 905 978 982 mandati
1014 904 1226 996 hujusmodi
1266 930 1346 981 non
1385 903 1575 1001 expectet,
1719 973 1722 982 .

174 1018 318 1099 Fratres
344 1020 569 1121 Jambcllum
594 1027 641 1104 de
666 1027 925 1126 garbagnate,
963 1029 1162 1108 Cresrnum
1187 1033 1233 1109 de
1259 1033 1401 1124 dexio,
1439 1031 1580 1106 Accur-

173 1141 270 1226 fium
295 1149 342 1226 de
369 1173 565 1248 tergono,
582 1153 719 1228 domus
743 1155 789 1234 de
815 1153 938 1232 braida
964 1155 1242 1248 mediolanen,
1268 1155 1504 1232 Bertramum
1535 1157 1574 1234 δι
1645 1225 1650 1238 .

168 1273 387 1352 Accursrum
413 1273 548 1356 domus
570 1275 617 1351 de
643 1276 738 1352 Vico
762 1277 972 1356 Cumarum
999 1283 1140 1358 ordinis
1168 1278 1415 1383 sepefati,qui
1443 1276 1573 1369 huius·

166 1401 271 1478 tnodi
300 1400 553 1480 seditionis&
578 1399 789 1480 rebellionis
822 1405 986 1482 cultores
1020 1407 1190 1488 exstititit
1228 1405 1475 1505 principaliter
1517 1407 1576 1484 di·
1706 1504 1711 1516 „

167 1526 426 1623 gnoscuntur,
453 1527 697 1608 &didotum
724 1527 934 1610 excelsuum
963 1531 1120 1631 precipui
1150 1549 1371 1628 patratores,
1398 1554 1444 1606 ex
1471 1553 1575 1628 parte

165 1655 294 1731 nolles
318 1657 528 1747 monearis,
551 1657 590 1734 dt
619 1653 870 1732 nihilominus
902 1653 1060 1734 dillridte
1087 1655 1290 1754 precipiatis
1315 1651 1489 1747 eisdem,
1530 1672 1573 1734 ut

166 1779 266 1858 infra
293 1781 504 1882 quindecim
530 1761 608 1858 dies
632 1779 679 1856 ab
699 1777 917 1870 hujusmodi
943 1781 1169 1858 monitionis
1206 1778 1268 1856 seu
1294 1781 1448 1876 precepti
1478 1799 1573 1856 tem·

163 1929 257 2004 pore
280 1903 584 2004 computandos,
620 1929 732 2003 quem
760 1905 968 1981 terminum
994 1901 1046 1980 eis
1071 1906 1109 1980 &
1135 1897 1298 1999 ipsorum
1325 1903 1475 1982 cuilibet
1504 1906 1575 1982 du·

163 2031 290 2108 ximus
317 2033 562 2130 peremptorie
601 2028 888 2128 prefigendum,
925 2029 1042 2105 didus
1068 2025 1269 2125 Jambellus
1297 2029 1488 2134 Veronam
1523 2029 1572 2109 ad

161 2157 325 2234 domurn
349 2156 395 2232 de
422 2155 573 2251 glarea,
598 2151 774 2232 Crefinus
800 2151 1019 2246 bononiam
1046 2153 1091 2229 ad
1115 2129 1275 2228 domuin
1301 2151 1410 2230 sanni
1439 2151 1569 2252 Jacnbi

161 2285 210 2363 de
236 2283 388 2376 savina,
415 2277 611 2358 Accurlins
636 2279 682 2358 de
707 2279 886 2377 Vergano
913 2277 1143 2356 Placentiam
1183 2277 1229 2354 ad
1246 2276 1413 2379 domum
1440 2278 1487 2355 de
1515 2302 1573 2354 ar·

161 2412 291 2511 gine,
329 2405 542 2484 Bertramus
569 2405 837 2484 Alexandriana
875 2403 921 2482 td
955 2405 1115 2480 domum
1154 2402 1199 2480 de
1225 2421 1493 2502 quargnento,
1531 2407 1571 2488 dt

161 2532 361 2616 Accurliuc
387 2533 551 2611 Brixiam
581 2531 625 2607 ad
650 2531 809 2606 domurn
834 2527 881 2606 de
907 2527 1032 2607 medio
1060 2531 1150 2626 (4),
1188 2553 1277 2628 quas
1314 2530 1465 2628 quidem
1499 2531 1570 2608 do·

159 2691 248 2744 anos
275 2663 384 2740 habet
411 2659 510 2736 idem
537 2657 630 2734 ordo
655 2658 697 2733 in
724 2657 815 2732 locis
840 2653 903 2730 seu
928 2653 1135 2731 civitatibus
1161 2653 1393 2752 supradidis,
1419 2655 1567 2758 polipo.

158 2789 238 2870 fitis
264 2784 561 2868 excusationibus
585 2787 623 2862 be
648 2777 809 2878 diffugiis
833 2777 1156 2880 quibuscumque,
1193 2778 1363 2856 iludeant
1401 2777 1438 2858 se
1471 2807 1565 2861 con·

158 2911 293 3010 ferre,
332 2937 373 2990 ac
400 2911 540 2988 tamdiu
565 2911 605 2982 in
633 2907 686 2982 eis
710 2929 859 2982 moram
883 2903 1145 2998 contrahant,
1182 2902 1370 3005 quousque
1403 2907 1449 2982 de
1476 2907 1561 3005 iplis

157 3048 268 3125 aliter
292 3041 505 3119 duxerimus
530 3035 806 3116 ordinandum.
846 3031 894 3108 In
920 3028 1133 3120 huiusmodi
1169 3028 1346 3132 fiquidena
1371 3033 1566 3113 commille

156 3173 272 3252 nobis
298 3165 557 3246 sollicitudinis
582 3161 723 3254 initiis,
761 3159 846 3234 litet
870 3155 1106 3253 exigentibus
1131 3155 1322 3236 demeritis
1345 3161 1566 3236 eorumdem

154 3297 250 3392 julie
279 3293 460 3397 poliemus
483 3288 609 3367 durius
636 3283 827 3383 procedere
851 3301 983 3357 contra
1010 3277 1138 3376 ipsos,
1176 3278 1275 3354 viana
1302 3300 1429 3358 tamen
1456 3281 1564 3361 beni.

154 3423 314 3522 gnitatis
340 3426 382 3500 dt
408 3414 699 3496 mansuetudinis
723 3409 935 3507 eligentes,
972 3407 1126 3506 expetiti
1152 3407 1405 3502 decrevimus,
1437 3431 1566 3492 utrum

153 3573 222 3652 per
251 3540 462 3640 huiusmodi
489 3544 659 3620 locorum
685 3537 970 3626 mutationem,
1006 3555 1078 3632 que
1116 3534 1303 3612 interdum
1338 3535 1482 3638 prolicit
1509 3537 1558 3616 ad

150 3675 344 3764 salntem,
370 3666 517 3747 affectus
547 3665 709 3765 ipsorum
737 3669 775 3741 in
803 3664 952 3740 bonum
978 3661 1173 3742 conversus
1198 3663 1346 3763 fuerit,
1388 3687 1566 3773 tangente

154 3803 341 3886 Domino
366 3827 430 3894 cor
457 3800 638 3890 illorum,
665 3793 713 3871 stc
736 3813 779 3870 ut
807 3785 948 3868 remiss'a
975 3793 1029 3867 eis
1055 3792 1185 3866 acriori
1213 3817 1340 3890 pena,
1365 3823 1477 3899 quam
1504 3799 1564 3889 ju.

147 3929 209 4010 ,tte
237 3939 521 4028 promeruerunt
546 3916 784 3997 confideretis
808 3915 1005 3995 exceffibus
1029 3917 1246 3994 eorumdem
1275 3973 1288 4014 ,
1327 3921 1422 4019 ipsos
1449 3919 1565 4002 veluti
1676 3934 1680 3942 “

150 4058 369 4142 obedientie
396 4051 491 4130 filios
517 4049 561 4128 ad
588 4045 725 4126 statum
759 4051 797 4124 dt
823 4049 904 4126 loca
930 4042 1079 4144 prillina
1114 4043 1282 4121 reducere
1318 4043 1562 4128 misericordi·

19 4269 22 4278 ,
151 4205 214 4270 ter
242 4187 453 4266 valeamus.
491 4177 609 4258 Porro
636 4161 804 4253 liiident
829 4169 958 4252 iratres
983 4172 1156 4270 pertinaci
1182 4171 1278 4250 daut
1306 4171 1430 4276 spiritu
1458 4179 1559 4259 intrat

154 4315 321 4426 prelatos
345 4307 559 4414 quindecim
583 4305 659 4385 dies
696 4305 744 4384 ad
770 4305 853 4384 loca
889 4299 925 4381 se
959 4321 1041 4378 non
1074 4303 1306 4387 contulerint
1330 4301 1558 4408 supradicta,

1403 4437 1511 4518 vobis
1578 4505 1582 4513 .

162 4531 1548 4665 effi
