4008 5494
426 533 929 614 A'tino'rtrtntttunt
969 555 1342 616 ratumena
1456 555 1534 636 ⁸99

217 741 547 852 Coririffio
581 753 818 857 rudienrie
852 753 911 856 de
943 723 1108 856 Causa
1130 745 1459 888 archicpiscopi

542 905 917 1019 mediolanensis·
930 911 990 1016 &
1026 916 1236 1018 ordinis.

462 1205 466 1216 ⁴
556 1173 600 1238 5·
643 1146 724 1210 ιιι,
744 1160 769 1206 ι
787 1141 859 1222 ιιι,
879 1136 1124 1200 exuturum

322 1295 478 1376 Rhenus
501 1297 687 1398 episcopus
714 1299 835 1380 servus
861 1299 1050 1378 serrorum
1076 1297 1187 1394 Dei,
1222 1291 1360 1372 directis
1387 1291 1474 1370 filiis
1500 1291 1578 1370 Ab·

182 1291 312 1538 U
346 1417 417 1496 bari
447 1417 559 1494 sensti
585 1415 685 1494 Petri
712 1420 752 1495 in
779 1423 870 1498 caelo
896 1445 1009 1500 aureo
1036 1425 1178 1520 papien.
1205 1427 1292 1517 (t),
1323 1422 1371 1499 do
1396 1411 1580 1500 ferrand

342 1549 380 1628 δι
404 1550 450 1627 de
477 1545 659 1626 Bavenno
683 1545 864 1646 Aquenlis
890 1555 927 1628 δι
949 1545 1186 1628 Novatienfis
1217 1550 1313 1630 dioc.
1346 1545 1580 1628 ecclcfiarunt

178 1668 371 1769 prepositis
407 1673 563 1752 salutern
602 1679 640 1753 δι
673 1675 909 1772 apostolicam
943 1675 1271 1754 benedietionem.
1310 1669 1580 1773 significarunt

172 1791 289 1869 nobis
313 1795 433 1872 dileeli
460 1793 526 1874 filii
554 1797 759 1896 prepofiti‚
797 1802 960 1896 prelati,
998 1805 1035 1878 &
1060 1796 1189 1878 fratres
1222 1799 1331 1896 primi
1367 1803 1404 1876 δι
1430 1795 1582 1880 secundi

175 1918 320 1996 ordinis
345 1917 664 2019 humiliatorum,
700 1927 859 2001 civitatis
898 1924 1056 2002 &diuo
1084 1925 1359 2016 mediolanen,
1387 1922 1487 2021 quod
1514 1945 1577 2001 ve·

173 2041 351 2119 notabilis
375 2041 487 2122 frater
514 2047 636 2124 nollet
661 2045 950 2144 archiepiscopus
977 2049 1227 2123 mediolanen.
1249 2051 1304 2138 (ι)
1330 2045 1484 2124 afferens
1508 2048 1575 2128 fibi

172 2163 245 2242 else
270 2165 477 2244 concellum
506 2194 567 2266 pet
596 2170 735 2248 nostras
761 2175 898 2248 litteras
924 2167 1141 2246 facultatem
1168 2167 1214 2244 ab
1238 2166 1394 2244 ecclefiit
1429 2175 1466 2248 δι
1493 2197 1577 2248 mo·

174 2287 344 2368 nastetiis
369 2293 584 2368 curcumdem
610 2295 766 2372 civitatis
793 2320 833 2374 ac
857 2296 952 2371 dioc.
987 2317 1029 2369 ac
1054 2293 1240 2390 provincie
1278 2289 1340 2370 sue
1375 2294 1572 2389 pecuniam

169 2421 243 2508 pro
271 2409 343 2488 suis
371 2413 571 2492 necessariis
595 2419 804 2515 exigendi,
841 2435 1008 2516 pretextu
1034 2415 1242 2494 litterarum
1268 2415 1505 2514 hujusmodi,
1530 2439 1575 2500 ut

168 2535 343 2632 dicebat,
367 2543 621 2620 communiter
648 2542 809 2633 injunxit
824 2541 1001 2642 eisdem,
1038 2561 1081 2620 ut
1107 2545 1140 2620 ei
1169 2541 1365 2644 quandam.
1388 2543 1575 2630 summam

173 2667 332 2762 pecunie
359 2663 570 2744 infra'certi
600 2669 776 2765 temporis
804 2665 958 2766 spatium
983 2669 1234 2764 exhiberent,
1271 2671 1310 2746 in
1338 2668 1576 2768 singulos-ez

172 2789 284 2891 iplis,
312 2792 338 2869 st
366 2795 675 2885 tremuerunt,
698 2793 1099 2869 excommunicationis
1122 2772 1304 2870 sententie
1328 2797 1573 2892 promulgata,

172 2923 211 2998 δι
235 2941 371 2998 eorum
389 2916 558 2994 Ecclefiic
584 2915 774 3016 lupposttis
799 2915 1033 2993 ecclefiasttco
1062 2917 1275 2994 interdileo.
1302 2917 1423 2994 Iidem
1449 2941 1576 2996 autem

168 3043 346 3142 prepositi
373 3049 410 3122 δι
436 3043 569 3120 fratres
592 3038 794 3120 sentientes
831 3041 876 3117 ab
911 3042 1044 3117 eodem
1072 3039 1341 3141 archiepiscopo
1374 3068 1420 3118 ex
1446 3069 1493 3121 co
1520 3047 1579 3122 in·

166 3170 294 3248 debite
321 3169 356 3248 se
383 3169 552 3268 grauati,
579 3167 678 3265 quod
703 3168 854 3266 copiam
880 3169 1091 3246 litteratum
1117 3166 1301 3265 ipsarum,
1324 3191 1436 3266 quam
1467 3157 1576 3246 num·

167 3321 286 3398 qnam
314 3297 526 3390 habuerat,
564 3291 629 3368 subi
656 3287 773 3368 facete
798 3311 931 3366 contra
956 3288 1131 3380 justitiam
1160 3290 1357 3390 denegarit
1384 3290 1577 3368 humiliter

153 3421 462 3526 .requilitus,·ad
491 3418 652 3496 nostram
678 3417 864 3493 duxerunt
889 3415 1118 3492 audientiam
1146 3415 1430 3513 appellandum.
1465 3412 1571 3513 Quo.

171 3549 267 3625 circa
292 3545 502 3624 discretioni
531 3541 645 3622 vestre
683 3565 745 3640 per
768 3539 965 3640 apostolica
1003 3537 1129 3635 scripta
1156 3539 1408 3636 mandamus,
1446 3561 1580 3640 quate·

175 3673 442 3768 ortamentis,
474 3671 535 3770 qui
564 3665 707 3748 luerint
734 3667 938 3758 evocandi,
963 3671 1000 3744 &
1026 3668 1160 3744 auditis
1185 3665 1275 3743 hinc
1302 3665 1385 3742 iude
1414 3665 1578 3766 propoli.

166 3807 247 3910 tis,
273 3803 372 3902 quod
397 3799 532 3892 julium
559 3793 695 3889 fuerit,
722 3797 971 3895 appellatione
997 3791 1216 3893 postposita,
1241 3796 1485 3891 decernatis,
1516 3793 1572 3872 fa·

172 3933 347 4033 cientes,
384 3916 484 4030 quod
508 3917 735 4004 decreueritis
747 3909 1004 4026 ,ξιιιᾶοιῐιιιο
1032 3919 1154 3998 nostra
1181 3915 1338 4044 firmiter
1363 3850 1579 4000 obseriari.

884 4046 920 4186 P
945 4071 968 4146 p
1020 4071 1044 4126 2
1401 4043 1528 4123 Testes

175 4293 222 4367 (ι)
237 4287 458 4352 celeberrimum
478 4279 852 4358 connumeruntur.
923 4275 1028 4339 bellun
1042 4295 1105 4336 eum
1114 4275 1266 4338 Turtleuia
1283 4293 1362 4350 etur,
1379 4297 1441 4340 oum
1461 4297 1574 4346 mcum.
1618 4333 1621 4340 ,
1674 4281 1677 4286 “

210 4396 297 4461 creto
313 4409 398 4453 aureo
424 4389 643 4459 Monalletium.
671 4385 746 4462 quod
770 4387 856 4462 vulgo
927 4383 990 4445 deur
1004 4383 1035 4442 ei
1060 4381 1128 4444 Sede
1152 4381 1198 4441 sua
1212 4396 1370 4448 euocetur,
1387 4401 1471 4456 quern
1483 4401 1567 4447 num.

201 4497 242 4570 'S‚
260 4492 407 4572 Augustini
421 4489 544 4550 elicitur.
926 4499 1009 4558 quern
1021 4477 1152 4545 instem!
1169 4479 1244 4541 adite
1256 4491 1386 4552 potuum
1400 4517 1423 4553 ,,
1663 4475 1665 4479 ’

183 4599 222 4676 (ι)
242 4595 322 4660 Otho
341 4593 523 4664 vicecomes,
549 4587 594 4652 etti
622 4601 681 4649 rum
698 4585 860 4648 acerrimum
