3990 5490
488 505 571 587 anu
713 510 1171 627 *Hourttauoaota
1205 501 1569 594 Mortuueuor

446 635 595 722 tertiam
636 641 693 716 vel
719 657 888 739 quartam
921 635 1035 737 aliqui
1060 653 1162 712 extra
1190 630 1291 708 luam
1317 627 1491 708 diecelim
1524 625 1742 723 audoritate
1767 652 1849 730 pte·
1917 675 1920 680 ·

448 757 610 838 sentium
638 763 683 840 ad
705 761 883 854 iudicium
912 786 994 838 uon
1020 760 1240 837 trabuntur.
1279 753 1371 860 Dat.
1396 749 1575 854 Lugduni
1603 750 1762 834 seeundo
1788 755 1845 834 Id.

432 882 552 985 nug.
576 885 818 968 pontificatus
844 883 957 966 nollri
983 909 1087 980 anno
1112 884 1269 984 septimo
1289 886 1368 982 (4).

550 1017 620 1114 sig.
646 1017 685 1091 de
708 1041 822 1093 anne.

442 1209 488 1288 (a)
507 1211 606 1270 Paullo
621 1213 700 1286 pun,
719 1233 816 1288 nempe
824 1215 895 1275 XV.
916 1218 979 1276 Cal.
1000 1219 1072 1290 Sept.
1090 1220 1126 1276 li·
1201 1199 1571 1295 le'gandoerenoonnrman
1585 1229 1644 1296 qut
1660 1239 1724 1280 eum
1746 1219 1845 1281 iildens
1926 1243 1932 1260 ·

479 1327 549 1369 aeras
570 1311 639 1370 alias
665 1311 700 1372 ad
716 1313 937 1376 Himillaroaum
961 1319 1124 1391 Magistrum
1202 1317 1260 1377 iate
1277 1317 1371 1378 verbis
1384 1335 1521 1394 ooneepto
1541 1317 1612 1392 lint,
1630 1318 1667 1380 ab
1682 1319 1745 1380 illia
1761 1317 1845 1382 edelt-

478 1410 657 1472 innoeentiut
664 1409 760 1483 dedit,
773 1410 872 1484 quibus
879 1411 974 1474 eadem
989 1414 1126 1490 Gregoril
1201 1416 1247 1476 dia
1263 1415 1449 1478 ultimum.
1470 1477 1478 1494 ,
1641 1451 1646 1464 ·

944 1585 1338 1664 mmmmm
1779 1701 1783 1712 Ι

488 1766 797 1904 Privilegium
833 1767 892 1871 de
926 1807 1024 1874 uno
1059 1773 1196 1873 modo
1231 1773 1448 1878 cantandi
1483 1771 1551 1876 ὅτ,
1578 1771 1806 1912 legendi.

871 1998 947 2050 ¹⁸49·
970 2002 994 2050 ς.
1011 1977 1155 2043 Novemb.
1174 1979 1220 2040 Ex
1236 1979 1307 2042 Bibl.
1328 1977 1424 2042 braid.

539 2264 613 2340 liro
639 2265 779 2340 ordinis
805 2263 1091 2344 humiliatorum
1118 2263 1275 2343 salutent
1297 2268 1834 2362 &apostolicambenediiiio-

540 2417 650 2470 nem.
689 2391 758 2469 Per
786 2393 904 2472 sedern
932 2395 1168 2493 apostolicam
1196 2395 1371 2472 statutum
1398 2399 1467 2478 elie
1492 2387 1646 2500 dicitur,
1673 2427 1720 2504 ut¹
1740 2427 1838 2488 unus

431 2520 575 2600 modus
599 2519 771 2594 cantandi
799 2519 1003 2616 &legendi
1030 2520 1070 2592 io
1097 2519 1231 2594 divinis
1257 2517 1383 2598 officiis
1423 2525 1463 2600 in
1501 2529 1635 2608 ordine
1660 2529 1838 2614 humilia·

438 2665 567 2724 torum
593 2645 719 2721 debeat
746 2642 950 2718 observari.
990 2643 1062 2718 Sed
1101 2639 1189 2720 licut
1225 2650 1427 2744 accepimus
1466 2651 1503 2726 id
1541 2653 1582 2728 in
1618 2655 1837 2755 quibusdan

431 2769 607 2852 domibus
633 2767 741 2865 ipsius
766 2769 906 2846 ordinis
934 2771 1091 2846 minime
1118 2767 1351 2866 observatur,
1379 2783 1651 2880 propterquod
1677 2807 1835 2880 genera.

435 2932 499 2988 rut
526 2903 735 2982 scandalunt
763 2905 803 2980 in
830 2904 961 2981 ordine
988 2901 1187 3000 supradido
1214 2908 1290 2996 (ι).
1329 2899 1508 3000 roirca
1534 2910 1741 2990 diloretioui
1770 2937 1834 2995 tue

431 2141 753 2470 INnocentius
776 2142 961 2244 episeopus
987 2144 1108 2224 sertus
1135 2143 1322 2224 sertorum
1346 2142 1424 2220 Dei
1451 2141 1583 2222 dilello
1611 2141 1692 2222 lilio
1720 2149 1838 2248 magi·

435 3058 503 3134 pes
528 3032 722 3132 apostolica
748 3031 875 3130 scripta
902 3031 1155 3122 mandamus,
1189 3049 1369 3128 quatenus
1405 3029 1581 3109 statutum
1618 3034 1835 3150 hujusmodi

433 3161 649 3240 audoritate
675 3157 795 3234 nostra
821 3153 929 3231 facias
956 3156 996 3228 in
1023 3151 1198 3229 omnibus
1222 3153 1396 3230 domibus
1433 3159 1576 3254 prediili
1604 3163 1746 3242 ordinis
1772 3166 1837 3242 ob·

435 3288 602 3380 servari,
641 3287 762 3383 aliqua
788 3279 1052 3358 consuetudine
1091 3301 1170 3352 non
1209 3275 1410 3372 obstante,
1447 3289 1731 3364 contradictores
1769 3317 1834 3387 per

431 3409 627 3484 censuram
678 3405 949 3484 ecclesiasticam
1001 3399 1247 3498 appellatione
1295 3401 1492 3500 polipofita
1530 3411 1831 3509 compescendo.

434 3531 527 3612 Dar.
548 3533 724 3630 Lugduni
752 3530 860 3607 tertio
887 3549 1008 3604 nonas
1034 3519 1208 3604 novemb.
1234 3525 1470 3622 pontificatus
1499 3531 1612 3612 nostri
1644 3561 1749 3616 anno
1776 3541 1827 3620 ie·

430 3662 556 3760 ptimo
585 3665 661 3748 (2).

533 3790 601 3888 Sig.
627 3785 835 3884 consuetum·

1704 3923 1783 4005 Pri·

429 4071 474 4150 (ι)
499 4071 564 4143 ,lam
590 4091 608 4130 a
634 4072 733 4145 palmis
757 4067 929 4143 annuntius
956 4067 1108 4139 peculiares
1187 4067 1266 4126 Aliae
1284 4067 1336 4128 bae
1357 4067 1392 4128 de
1415 4087 1445 4130 re
1462 4071 1558 4132 literae
1575 4077 1732 4140 Alexandri
1753 4079 1824 4152 tv..

465 4171 547 4230 irride
566 4171 787 4229 Humiliatoruaa
811 4167 841 4226 in
865 4164 949 4226 saeris
974 4162 1110 4224 iaciendis
1182 4161 1215 4226 dt
1234 4163 1358 4225 lionorii
1378 4163 1434 4226 Ν.
1452 4167 1572 4232 interius
1588 4171 1718 4236 dentur.

461 4269 559 4338 airus,
583 4267 753 4328 ostendimus
779 4264 847 4322 Vol.
868 4265 889 4324 Ι.
915 4260 1032 4321 Didatt.
1055 4261 1109 4320 ill.
1143 4261 1188 4339 (a)
1206 4265 1239 4324 lu
1261 4265 1447 4326 Purleelliano
1468 4264 1575 4330 Codice
1591 4289 1665 4332 aaran
1678 4277 1768 4340 priato
1785 4276 1824 4334 ir-

461 4389 537 4436 nuru.
553 4367 608 4428 Xl.
630 4365 686 4426 &o
713 4363 769 4420 idio
793 4377 861 4420 aeto
887 4357 1107 4420 Mediolanenses
1181 4364 1274 4438 gitur.
1302 4363 1355 4424 Sed
1372 4379 1493 4426 ortuum
1510 4367 1550 4427 ibi
1566 4369 1670 4441 latete.
1688 4374 1753 4434 ltine
1772 4377 1829 4434 ml·

464 4469 644 4532 Humillatoa
667 4461 808 4534 defigam
825 4459 962 4521 Pontifex
978 4460 1103 4530 videtum
1181 4461 1309 4534 ligimus,
1328 4463 1404 4552 qaod
1416 4467 1506 4528 alreto
1523 4483 1630 4530 tanturn
1652 4472 1692 4532 lui
1714 4475 1830 4536 Pontifi-

461 4571 589 4650 biano
608 4559 804 4628 diobolianot
822 4559 891 4619 ritu
905 4554 1103 4632 limabanuu.
1172 4577 1341 4631 earusanuo
1355 4565 1535 4628 lnuuoentiut
1549 4567 1638 4630 ltalia
1655 4573 1787 4636 aonii.
