4044 5486
283 544 350 631 Du
366 557 780 638 ΗυΜιιιΑτ.Ι)οΜηυε
795 559 1439 668 nmaMuntot.Aonuutosru1s.
1478 566 1525 636 61

186 675 254 752 lius
268 675 541 784 dequargnento,
562 713 582 762 a
603 691 832 784 cognomine
854 715 948 790 pago
970 711 1111 768 nomen
1132 692 1264 783 duxit,
1286 691 1348 790 qui
1368 687 1582 764 camimum

177 804 333 927 dicitur,
361 813 722 912 vulgorQuargnertto.
746 813 863 893 Fullle
884 819 934 894 ibi
955 821 1047 894 olim
1070 818 1206 894 sacram
1219 819 1255 894 S.
1268 812 1452 892 Matthaeo
1465 816 1581 886 aedont

183 925 364 1008 Ghilinos
391 935 497 1010 tradit
531 942 616 1032 (a),
654 939 912 1017 Alexandrino
937 939 1168 1041 Episcopatui
1196 939 1330 1019 deinde
1352 938 1427 1022 ,hac
1452 937 1581 1012 condi·

182 1056 289 1133 tione
315 1061 540 1159 concessam,
567 1085 611 1142 ut
635 1070 734 1145 aliud
759 1068 993 1152 Alexandria
1019 1067 1057 1144 S.
1079 1066 1251 1142 Mattltaei
1277 1065 1459 1162 templum
1485 1085 1576 1138 con·

180 1179 405 1260 strueretur.
439 1185 670 1265 Humiliatos
697 1191 781 1266 hoo'
797 1193 882 1267 loco
908 1191 1089 1269 Ghilinus
1117 1213 1196 1264 non
1222 1205 1441 1264 memorat.
1468 1185 1576 1264 Veri·

186 1305 303 1384 limile
327 1309 379 1387 cll
406 1331 533 1389 tamen
562 1333 722 1390 veterem
748 1311 980 1415 Qrargncoti
1008 1313 1209 1392 Ecclcfiam
1234 1335 1299 1390 cos
1323 1309 1476 1388 tenuisse
1498 1367 1512 1403 ‚
1537 1338 1578 1390 ac

181 1455 277 1509 nova
289 1434 424 1512 deinde
437 1434 672 1516 Alexandria
693 1437 893 1533 cxllruda,
915 1441 961 1517 ad
974 1440 1144 1516 eamdem
1158 1432 1437 1532 commigrasse.
1462 1432 1574 1510 Ccrte

179 1559 437 1637 Alexandrina
457 1561 535 1638 lraec
547 1563 843 1644 Humiliatorum
867 1569 1001 1642 domus
1020 1567 1057 1644 S
1070 1565 1246 1643 Matthaei
1264 1563 1311 1641 dc
1326 1557 1574 1656 Quargnento

177 1682 341 1761 dicitur.
368 1684 427 1763 Ita
453 1687 493 1762 in
522 1687 666 1766 Atlanti
692 1689 819 1767 charra
845 1715 905 1766 an.
926 1686 1216 1768 MCCCXLVI.
1244 1687 1357 1762 vlll.
1383 1683 1476 1768 Dec.
1503 1703 1572 1756 no-

177 1812 342 1888 minatur
367 1819 431 1888 Fr.
453 1819 592 1888 Petrus.
606 1867 616 1888 .
630 1868 662 1888 ..
685 1817 861 1914 prepositus
880 1819 994 1892 domur
1010 1813 1126 1910 santii
1144 1814 1288 1890 matthei
1308 1808 1394 1886 title
1414 1806 1452 1880 de
1471 1826 1574 1901 quar·
1609 1876 1611 1885 .

172 1955 289 2037 guento
311 1937 348 2012 te
371 1940 588 2015 alexandria.
615 1937 737 2030 Hujus
759 1964 845 2016 vcro
864 1941 1000 2014 domin
1026 1937 1105 2036 post
1124 1963 1183 2014 an.
1200 1925 1571 2016 MCCCCXXXVI.

175 2065 278 2138 nulla
305 2041 451 2140 mantio
476 2053 653 2143 occurrit.
681 2064 912 2142 Alexandria
936 2064 1096 2164 denique
1122 2084 1200 2141 erat
1228 2085 1263 2159 5.
1283 2067 1410 2136 Domus
1433 2060 1471 2133 dr
1496 2055 1569 2131 bra·
1623 2131 1625 2140 ,

170 2189 292 2287 gotio,
316 2175 447 2265 cadem
470 2244 483 2282 ,
505 2201 550 2264 'ut
581 2191 769 2280 arbitror,
802 2213 881 2284 quae
910 2187 1034 2284 sapius
1067 2189 1106 2264 S.
1129 2185 1324 2262 Michaelis
1351 2181 1576 2282 appellatura

160 2307 223 2387 -Er
245 2307 419 2408 frequens
439 2311 525 2384 lanc
544 2309 584 2382 in
607 2307 864 2384 vetustioribus
877 2314 1134 2390 monumentis
1149 2309 1409 2388 Alexandrina
1435 2303 1473 2390 S.
1498 2305 1572 2382 Ml·

169 2412 314 2508 cha'elis
337 2431 472 2505 domin
496 2432 673 2521 menti03
707 2431 807 2521 cuius
831 2433 1053 2530 dignitatem
1078 2435 1170 2511 hinc
1193 2432 1393 2532 praesertim
1428 2455 1569 2530 cogno-

169 2551 337 2648 scimur,
372 2553 473 2653 quod
500 2555 653 2630 Amicus
679 2557 776 2631 illius
802 2555 1019 2655 Propositus
1043 2561 1136 2636 circa
1164 2585 1227 2636 an.
1253 2556 1494 2640 MCCXXX.
1521 2559 1569 2639 ad

170 2673 392 2763 Genue'nses
414 2675 457 2756 'ac
483 2679 741 2758 florentinam
768 2679 1065 2758 Humiliatorum
1090 2686 1225 2759 domos
1249 2681 1489 2775 fundandus,
1523 2703 1565 2760 ut

170 2835 264 2887 mox
292 2806 528 2898 videbimus,
561 2802 861 2898 evocatorium,
894 2807 1064 2902 quodque
1090 2807 1223 2882 domus
1249 2807 1420 2899 tardem,
1458 2829 1566 2904 atquc

173 2933 346 3012 Astcosrs
369 2933 482 3009 ctiam
509 2933 552 3004 'ac
574 2927 830 3004 Dertoncnses
861 2931 914 3002 illi
949 2930 1121 3002 obnoxiat
1152 2929 1293 3004 client.
1330 2927 1447 3008 Porro
1471 2957 1560 3008 cum

172 3061 215 3138 ln
235 3047 440 3135 'vetustiore
465 3052 591 3130 nollro
615 3053 806 3147 Caralogo
829 3053 964 3127 domur
991 3059 1028 3123 S.
1054 3053 1232 3124 Michaelis
1266 3077 1346 3128 non
1376 3055 1558 3130 recensea-

174 3203 257 3280 tur,
285 3208 352 3262 nec
379 3181 575 3258 vctisrmile
602 3181 646 3256 llt
670 3172 828 3254 domum
854 3179 986 3272 hanc,
1009 3177 1109 3268 cujus
1137 3199 1242 3255 tanta
1266 3174 1349 3252 effer
1375 3179 1567 3274 dignitas,

173 3291 249 3384 tam
275 3310 351 3385 cito
373 3306 583 3383 dillolntam
608 3300 745 3393 soille,
765 3295 859 3374 'hinc
884 3299 1068 3392 arbitror,
1092 3323 1134 3377 ut
1159 3301 1263 3390 dixi,
1288 3305 1458 3378 eamdem
1485 3305 1555 3382 cllc

172 3459 212 3511 ac
227 3449 307 3533 qtrrc
326 3433 371 3508 de
393 3421 576 3526 Brogolio
592 3421 799 3500 dicebatur.
820 3419 1026 3498 Enimvero
1045 3426 1085 3498 iu
1106 3424 1232 3502 charta
1246 3451 1307 3504 an.
1317 3423 1561 3504 MCCLVll.
1713 3427 1718 3443 '

169 3559 240 3634 vl.
265 3557 372 3652 Aug„
403 3553 471 3632 suo
503 3555 590 3627 loco
622 3549 762 3628 edenda
795 3557 832 3622 S.
857 3551 1035 3624 Michaelis
1068 3551 1107 3627 de
1137 3556 1298 3631 Brucida
1333 3557 1560 3652 appellatur,

168 3683 231 3761 ubi
256 3701 428 3779 corrupte
450 3681 490 3753 cle
512 3676 671 3749 Burniola
699 3698 767 3769 pro
789 3676 827 3747 de
850 3677 1003 3774 Brognlio
1027 3674 1198 3775 scriptum
1222 3674 1319 3752 forte
1344 3699 1462 3776 puto.
1496 3675 1560 3754 Est

163 3835 260 3890 vcro
282 3803 504 3903 Brogoliom
530 3827 675 3901 pagus,
708 3801 861 3878 Tanaro
897 3793 1044 3878 tantiam
1081 3799 1354 3895 interfluente,
1385 3803 1433 3878 ab
1464 3802 1556 3878 urbe

167 3933 349 4024 sejuotlur
374 3987 389 4025 ,
418 3953 613 4029 utrumque
644 3931 798 4027 proinde
833 3950 919 4002 cum
957 3925 1028 4021 ipsa
1063 3925 1151 4000 urbe
1186 3947 1318 4023 corpur
1347 3925 1560 4004 constituit.

165 4060 350 4140 Domum
375 4055 474 4130 hauc
494 4053 658 4150 Joauttrt
683 4045 897 4128 'Braidenlrs
928 4054 969 4125 in
1001 4049 1197 4125 Chronico
1231 4048 1300 4127 suo
1322 4063 1557 4133 commemo,-

167 4207 257 4264 rans
281 4179 377 4274 Cap.
398 4173 491 4270 XL,
515 4179 593 4253 air:
616 4183 758 4250 Fratres
785 4177 973 4267 (domm)
996 4183 1031 4250 δ.
1057 4177 1236 4250 Michaelis
1259 4179 1300 4250 de
1322 4176 1558 4269 Alexandria,

167 4333 239 4406 que
257 4303 369 4402 pridie
391 4303 618 4399 <legendum
637 4301 766 4400 pridem
787 4355 802 4394 ,
832 4299 963 4376 scillcet
991 4303 1114 4375 multo
1139 4318 1266 4391 ante,
1299 4323 1418 4398 neque
1452 4303 1558 4378 enim

1465 4453 1505 4499 tn

214 4641 219 4648 .
241 4583 288 4661 (a)
306 4585 443 4649 'statmo
457 4585 531 4648 delle
548 4586 616 4646 latta
635 4557 722 4644 Terre
740 4603 783 4644 ec.
808 4603 869 4658 pag.
889 4606 902 4654 3
906 4605 950 4654 ις.
