4052 5486
490 523 563 614 164
714 515 1161 596 Honrtrtnonon
1198 511 1558 594 Motrntrztrrn

442 645 487 722 ad
515 639 722 733 cautelam,
749 646 786 720 &
812 639 920 717 bullo
949 635 1078 720 nostra
1104 637 1328 738 appenfione
1355 640 1518 730 muniri,
1540 656 1719 738 quatenus
1743 636 1842 718 nulli

440 770 488 846 rie
514 787 635 844 cetero
662 766 704 846 fit
730 765 882 848 facultas
906 769 1065 847 eandem
1090 767 1240 856 alicujus
1265 759 1441 840 fermenti
1469 764 1636 862 tegulam
1665 764 1840 860 deprava·

442 917 505 968 re.
532 893 594 972 Est
616 894 724 992 igitur
740 894 847 992 ipfius
868 895 1004 991 regulae
1018 913 1128 972 tenor
1145 891 1248 988 talis:
1268 884 1407 964 Omnis
1428 887 1532 982 boni,
1540 888 1758 986 principium
1771 894 1847 970 &c-

446 1021 569 1104 (Totae
594 1021 646 1094 bic
666 1042 726 1116 per
751 1019 917 1119 integrum
935 1019 1204 1093 Humiliatorrrm
1231 1019 1315 1115 leges
1335 1011 1548 1108 inseruntur,
1568 1039 1650 1109 quas
1669 1041 1729 1092 cur
1747 1018 1848 1092 omit.

446 1149 561 1218 tendas
585 1144 776 1220 duxerimus
800 1151 842 1219 V.
869 1145 942 1226 Vol.
971 1149 1002 1217 l.
1029 1142 1165 1248 Differt.
1185 1144 1249 1214 III.
1277 1165 1368 1215 num.
1390 1140 1479 1224 VI.)
1507 1135 1614 1212 Nulli
1640 1163 1733 1236 ergo
1761 1167 1844 1218 om.

445 1271 545 1346 nino
571 1269 773 1350 hominum
801 1267 905 1345 liceat
935 1268 1106 1366 paginam
1137 1267 1233 1342 hanc
1260 1267 1391 1346 nostro
1426 1267 1690 1358 annotationis.
1709 1266 1849 1348 infrin-

445 1417 555 1495 gere,
582 1398 639 1472 vet
666 1397 699 1473 ei
728 1391 817 1476 ausu
845 1395 1043 1472 temeratio
1069 1397 1273 1472 contraire.
1302 1395 1340 1471 Si
1369 1393 1450 1491 quis
1477 1409 1601 1472 antem
1628 1393 1702 1472 hoc
1723 1413 1851 1476 atten-

447 1540 525 1599 tare
554 1521 848 1620 praesumpserit,
882 1521 1183 1618 i‘ndignationem
1196 1519 1485 1613 ‘omnipotentis
1511 1518 1621 1613 Dei,
1656 1523 1694 1599 &
1720 1521 1852 1600 beato-

445 1671 531 1722 rum
564 1641 662 1720 Petri
702 1648 740 1722 &
773 1643 877 1720 Pauli
905 1642 1173 1740 Apostolorum
1212 1641 1288 1733 ejus
1325 1638 1361 1716 se
1401 1643 1548 1718 noverit
1589 1642 1848 1730 incursurum.

441 1763 538 1844 Dat.
562 1766 747 1866 Anagniae
775 1765 932 1866 septimo
958 1765 1013 1844 Id.
1038 1763 1126 1866 Jun.
1152 1763 1393 1845 Pontificatus
1422 1765 1539 1846 nostri
1564 1793 1668 1849 anno
1692 1774 1844 1871 primo.

492 1943 799 2127 Privilegiunt
836 1939 1055 2132 Gregorii
1089 1997 1212 2118 IX.,
1248 1995 1331 2096 seu
1368 1993 1546 2131 Regula
1568 1943 1804 2101 'Fratrum

758 2157 881 2260 tertii
918 2157 1112 2260 Ordinis
1146 2158 1548 2264 Humiliarorum.

859 2439 860 2442 Ἴ
907 2393 983 2444 my.
1003 2397 1047 2435 rt.
1066 2378 1134 2451 Jun.
1157 2377 1203 2438 Ex
1220 2377 1292 2442 Cod.
1311 2374 1406 2437 putic-

442 2515 766 2766 GRegnrins
786 2519 984 2622 Episcopus
1003 2524 1137 2602 servus
1149 2527 1348 2604 Servorum
1369 2520 1446 2600 Dei
1473 2527 1611 2604 dileais
1636 2527 1721 2608 filiis
1732 2529 1847 2632 Joan.

604 2653 644 2728 ni
671 2653 842 2728 bellede
867 2651 1145 2749 calvenzano,
1185 2651 1366 2730 Manatiae
1391 2655 1437 2731 de
1466 2651 1693 2756 Modoetia,
1732 2659 1846 2742 Petro
2000 2671 2001 2726 t

600 2777 646 2854 de
661 2778 834 2860 ,Falerno
857 2779 902 2854 de
929 2775 1094 2870 cante,
1131 2773 1346 2854 Guillerntn
1371 2777 1417 2852 de
1442 2775 1655 2877 corliano,
1693 2786 1844 2888 aliisque

440 2898 622 2980 Minissris
644 2901 799 2979 Ordinis
820 2897 1147 2993 Humiliatorum‚
1173 2925 1377 3002 eorumque
1394 2901 1570 2985 fratribus
1593 2911 1631 2984 &
1657 2905 1841 2988 sororibus
1999 3011 2000 3046 ᾖ

325 3121 332 3142 ‚
440 3029 595 3132 salutern
622 3033 660 3107 Bt
687 3026 938 3124 Apostolicatn
965 3024 1285 3102 benedietionem.
1324 3023 1560 3124 Propositum
1588 3033 1747 3112 vestrum
1784 3062 1845 3134 ap·

439 3154 636 3254 probatum
663 3177 683 3227 a
711 3147 771 3228 fet
797 3175 911 3227 mem.
938 3147 1167 3226 Innocentio
1192 3173 1282 3248 papa
1309 3147 1566 3234 Pr'aedecessore
1593 3161 1745 3256 nostro,
1772 3185 1840 3239 not

439 3277 589 3382 quoque
617 3276 840 3352 inhaerentts
866 3276 941 3366 ejus
959 3273 1120 3372 'vestigiis
1145 3276 1416 3372 approbantes,
1443 3279 1606 3378 prasenti
1627 3288 1770 3386 paginas
1795 3287 1840 3366 de

443 3405 558 3484 verbo
584 3405 629 3479 ad
657 3401 812 3478 verbum·
834 3397 987 3478 fecimus
1014 3403 1212 3494 annotari,
1239 3428 1282 3480 ac
1307 3403 1416 3482 bullae
1444 3407 1573 3488 nostrae
1612 3414 1837 3512 appenfione

441 3528 610 3604 muniri.
637 3523 877 3634 Proposoistis
904 3528 970 3601 &n
996 3528 1197 3617 (diduntur
1221 3533 1320 3606 tertii
1336 3534 1474 3609 Ordinis
1492 3540 1763 3619 &mitratorum
1788 3549 1838 3621 Ι.

434 3681 494 3756 ges
512 3651 665 3753 saperius
683 3655 763 3752 jam
786 3655 878 3772 edita
895 3675 971 3750 pag.
989 3651 1099 3748 128.).
1125 3653 1217 3735 Dat.
1232 3657 1417 3760 Anagnia
1431 3661 1540 3742 tertio
1554 3659 1614 3741 Id.
1629 3659 1717 3764 Jttn.
1735 3667 1835 3754 Pon-

443 3775 601 3862 rtfirarus
630 3776 744 3864 nostri
770 3801 874 3858 anno
894 3779 1049 3875 primo.
