4008 5494
485 525 562 608 314
720 510 1559 594 HnururarounnMonnunttsa

435 635 519 731 quis
545 651 668 714 autem
698 637 771 715 hoc
796 659 1014 740 attemptare
1040 637 1320 742 presumpserit,
1346 638 1647 738 indignationem
1667 642 1846 744 omnipo-

442 762 556 840 tentis
581 763 656 844 Dei
676 770 721 856 ,bt
747 767 940 846 bearorum
968 771 1056 868 petri
1084 773 1121 848 bt
1149 770 1245 866 pauli
1273 766 1527 867 apostolorum
1552 765 1629 859 eins
1655 767 1689 842 se
1718 795 1841 846 nore·

444 889 494 968 rit
528 891 785 975 incursurum.
822 894 918 976 Dat.
951 897 1078 974 Rome
1116 898 1213 996 apud
1244 895 1406 996 sanstanr
1440 893 1606 977 sabinam
1642 891 1718 973 kal.
1741 891 1847 993 Junii

449 1017 691 1118 pontificatus
712 1021 826 1101 nostri
853 1049 960 1104 anno
983 1023 1167 1104 secundo.

542 1149 710 1250 Sigillum
733 1147 917 1248 auulsum.

900 1380 1070 1468 Hortarii
1106 1382 1174 1470 tt).
1210 1378 1399 1491 Licere,

702 1569 752 1628 rte
785 1541 1006 1631 Humiliati
1038 1542 1311 1632 exallionibur
1345 1563 1605 1658 graventur.

649 1831 652 1840 1
912 1747 1381 1822 nmnjmmmum

445 1907 794 2242 HOuorius
819 1909 1006 2011 episeopus
1032 1911 1152 1988 servus
1179 1910 1368 1992 servorum
1396 1911 1472 1989 Dei
1498 1907 1635 1990 litenis
1661 1911 1746 1994 filiis
1769 1911 1848 1994 Ma·

652 2036 763 2137 gisiro
790 2061 830 2114 ac
855 2036 1068 2135 prepositis,
1096 2035 1301 2131 prioribus,
1329 2042 1502 2139 prelatis,
1530 2041 1700 2125 frutribus
1728 2068 1769 2119 ac
1794 2041 1848 2118 so·

654 2165 797 2244 roribus
823 2160 1001 2244 universis
1027 2162 1230 2237 domorum
1256 2163 1484 2248 &locorum
1511 2165 1653 2243 ordinis
1679 2164 1848 2240 humilia-

437 2309 577 2368 torum
603 2290 761 2370 sulutem
794 2295 833 2370 dt
857 2289 1097 2387 apostolicam
1131 2286 1448 2366 benedictionem.
1486 2288 1695 2390 Religionis
1737 2289 1847 2368 vestre

443 2436 608 2496 meretur
633 2416 839 2508 honestas,
872 2429 913 2490 ut
941 2433 1006 2486 vos
1033 2411 1174 2510 speciali
1201 2414 1394 2512 diligentes
1421 2413 1460 2486 in
1487 2412 1645 2488 domino
1670 2415 1849 2520 caritate,

444 2545 711 2646 prosequamur
738 2545 856 2642 gratia
881 2539 973 2616 sedis
999 2538 1210 2636 Apostolice
1244 2563 1285 2616 ac
1318 2535 1467 2616 favore.
1506 2539 1603 2616 Sane
1636 2565 1722 2618 curn
1759 2541 1846 2620 sicut

444 2697 494 2750 ex
521 2687 622 2769 parte
647 2668 759 2746 vessra
786 2666 855 2744 fnit
885 2665 1115 2765 propositum
1142 2691 1270 2742 coram
1299 2663 1432 2758 nobis,
1464 2661 1657 2742 occasione
1683 2668 1849 2746 colleba-

442 2823 530 2878 rum
557 2799 595 2874 bt
620 2792 894 2887 exalbionum,
932 2819 1002 2894 que
1029 2795 1134 2871 vobis
1161 2789 1398 2872 &domibus
1425 2787 1546 2868 vestris
1580 2793 1660 2888 sepe
1699 2798 1848 2874 aloco·

442 2951 531 3004 rum
558 2923 755 3000 ordinariis
779 2922 1063 3018 imponuntur,
1102 2918 1262 3017 quietem
1292 2913 1488 2992 vestrarum
1519 2920 1732 3013 mentium,
1759 2941 1847 3019 quas

442 3051 580 3130 diuinis
604 3045 843 3146 beneplacitis
867 3038 1094 3134 devovistis,
1120 3043 1313 3139 contingat
1338 3041 1594 3138 multipliciter
1619 3043 1847 3140 perturbari,

443 3201 520 3255 nos
542 3177 708 3252 volentes
735 3171 886 3262 alicuius
916 3167 1154 3246 relevationis
1181 3165 1311 3242 solutio
1338 3189 1403 3242 ros
1430 3168 1611 3262 gaudere,
1637 3188 1677 3246 ut
1706 3175 1751 3246 ad
1780 3194 1851 3270 pre·

440 3304 646 3384 stationem
684 3303 894 3401 aliquarum
930 3295 1201 3386 cotteanum,
1238 3289 1482 3368 subsidiorum
1516 3298 1555 3374 bt
1581 3297 1738 3374 aliarum
1765 3319 1849 3374 exa.

445 3439 614 3516 &ionum
642 3431 961 3534 imponendomm
988 3427 1091 3504 vobis
1111 3429 1148 3504 bt
1169 3424 1348 3502 domibus
1369 3423 1492 3504 vestris
1513 3430 1767 3507 communiter
1790 3429 1845 3508 rel

442 3561 590 3642 divisim
614 3587 638 3638 a
664 3559 856 3637 Locorum
881 3549 1083 3630 diocesanis
1109 3551 1166 3627 rel
1194 3549 1418 3642 ordinariis,
1453 3551 1493 3626 in
1534 3577 1695 3652 quorum
1722 3533 1848 3634 civita.

435 3689 545 3768 ebus
570 3707 633 3766 aut
659 3679 859 3764 dineefibus
885 3675 950 3756 seu
974 3676 1281 3768 jurisdibiionibus
1316 3679 1396 3756 loca
1432 3677 1655 3756 scudomor
1681 3682 1846 3776 haberis,

445 3813 659 3894 dnmmodo
683 3812 726 3888 in
752 3798 964 3897 hujltmodt
989 3805 1152 3880 oollebiia
1189 3804 1246 3878 vel
1273 3798 1449 3879 subsidiis
1484 3802 1548 3878 alii
1573 3801 1757 3900 Relrgiofi
1784 3830 1842 3905 gr·

446 3943 622 4023 metaliter
657 3959 739 4012 non
772 3931 1044 4021 contribuant,
1083 3931 1122 4006 dt
1147 3927 1278 4003 eedem
1315 3926 1465 4002 cobelle
1503 3927 1561 4004 vel
1597 3925 1750 4009 subsedia
1787 3951 1848 4030 pro

443 4065 611 4168 “pensis
634 4065 847 4159 legatorum
872 4057 911 4134 bt
939 4053 1166 4130 nunciorum
1193 4049 1390 4148 apostolice
1416 4051 1507 4131 sedis
1541 4077 1622 4130 non
1646 4057 1842 4152 exigantur

430 4178 619 4283 ‚a'rnbis,
639 4203 770 4264 eontra
796 4205 889 4282 quos
913 4179 1109 4256 dumtaxat
1131 4177 1290 4274 gratiam
1314 4175 1526 4268 hujusmodi
1548 4181 1653 4258 robis
1676 4183 1849 4258 nolumus

445 4313 645 4420 suffragari,
658 4313 815 4392 minime
830 4308 1053 4403 teneamini,
1065 4298 1845 4406 aulioritatepresentiumindulgemuso).

460 4495 771 4570 .·.................
1716 4431 1843 4560 Νῗὲ..

449 4598 495 4677 tn
523 4595 662 4676 (incisu
679 4595 730 4662 tur
746 4535 1763 4669 umus
1775 4611 1853 4674 nn*
