3996 5762
428 453 1346 546 Anuosartotrrsusrstusrnasrr.
1462 475 1533 557 353

185 597 359 670 matum,
384 579 432 657 de
458 587 614 662 confilio
642 589 854 688 aliquorum
882 586 1168 686 Praepofitorum
1195 592 1234 672 bt
1259 585 1505 666 Praelatorum
1531 582 1587 659 di·

184 697 386 792 serstorum
414 704 522 804 ipfius
539 707 718 805 Ordinis,
745 731 855 810 prout
885 713 953 790 tibi·
976 717 1014 792 u
1040 713 1124 812 ipse
1150 700 1351 796 secundum
1377 709 1506 792 Deum
1535 710 1589 804 si-

181 825 328 909 debitur
354 828 543 910 salubriter
569 839 762 937 expedire,
793 837 867 916 stre
892 841 994 922 dina
1021 839 1156 921 domus
1182 841 1319 944 primi,
1340 835 1413 918 five
1440 833 1588 912 secundi

181 951 336 1032 Ordinis
362 959 414 1034 tui
441 956 620 1059 suerint,
656 967 810 1044 liberam
851 991 891 1044 ac
925 971 1074 1066 plenam
1109 967 1347 1044 concedimus
1374 963 1589 1040 nodositate

179 1078 416 1180 prasenriurn
443 1082 682 1165 facultatem.
721 1091 812 1171 Dat.
834 1090 1011 1175 L'ateram
1036 1094 1105 1176 tv.
1129 1093 1183 1176 Id,
1208 1090 1312 1174 Febr.
1347 1085 1587 1170 Pontificatus

180 1200 299 1280 nostri
326 1229 432 1284 anno
458 1212 605 1308 primo.
983 1205 987 1214 ’

336 1371 581 1508 Benedistr
614 1413 701 1512 xl.
734 1447 819 1548 pro
853 1415 1084 1520 Oratoriis
1119 1335 1179 1514 dc
1212 1411 1474 1566 altaribus·

222 1607 228 1635 τ
384 1611 416 1639 ·-
690 1555 1050 1687 potratilibus.
1418 1627 1421 1632 -

205 1773 209 1781 ·
352 1765 359 1774 '
637 1775 716 1828 taor.
739 1778 782 1820 ιο.
801 1759 886 1822 Febr.
904 1761 952 1820 Ex
968 1759 1039 1823 Bibl.
1058 1757 1148 1820 Braid.
1169 1749 1174 1756 ’
1585 1767 1593 1783 ”

175 1841 504 2168 BEnedisius
531 1852 730 1954 Episcopus
756 1857 878 1938 servus
905 1860 1092 1938 sorvorum
1119 1859 1196 1936 Dei
1223 1855 1362 1938 dilediis
1389 1852 1476 1933 filiis
1502 1853 1597 1934 Ma·-

329 1977 474 2079 gistro‚
512 1979 730 2080 prepositis,
770 1991 809 2067 ds
833 1983 1007 2064 ssattibus
1032 1988 1175 2064 ordinis
1200 1981 1502 2061 Humiliatorum
1542 1981 1590 2058 ad

333 2104 553 2185 Romanam
570 2107 781 2188 'Ecslesram
819 2114 929 2189 nullo
960 2113 1086 2189 medio
1123 2109 1340 2212 pertinentis
1366 2105 1520 2182 salutem
1547 2109 1586 2186 dt

176 2227 438 2328 apostoticam
466 2231 787 2315 benedittbnem,
816 2235 962 2316 Meritis
989 2237 1102 2318 vestre
1116 2237 1326 2340 Religionis
1351 2233 1589 2328 inducimur,

175 2369 221 2434 ttt
247 2353 487 2453 petitionibus
514 2357 917 2440 rcllris'sarorabiliter
950 2387 1193 2441 annuamus.
1236 2361 1341 2438 Hinc
1363 2359 1449 2452 esi,
1487 2355 1604 2456 quod.

176 2505 253 2560 nos
279 2478 402 2558 uestris
427 2479 755 2583 supplicationibus
793 2489 962 2569 inclinati
992 2485 1217 2590 presentium
1244 2485 1347 2564 vobis
1375 2483 1589 2559 austoritrtc

177 2606 417 2684 concedimus
438 2616 456 2703 ¹,
493 2629 545 2684 ut·
561 2613 611 2687 in
638 2613 852 2714 domibus,
890 2615 1089 2711 grangiis,
1125 2619 1163 2694 dt
1188 2615 1277 2690 locis
1305 2609 1410 2688 vellri
1432 2608 1589 2684 Ordinis

177 2731 316 2834 possitis
341 2731 553 2812 construere
578 2739 902 2840 oratoria,ibique
929 2739 1063 2814 habere
1089 2739 1218 2814 altaria
1243 2737 1454 2836 portatilia,
1470 2760 1510 2810 ac
1530 2733 1586 2810 su·

177 2885 244 2963 per
268 2860 321 2936 eis
346 2875 425 2936 tam
450 2855 579 2938 fratres
604 2889 717 2965 quam
744 2863 884 2942 sorores
909 2863 1056 2962 pretist
1083 2859 1236 2938 Ordinis
1271 2886 1332 2960 per
1366 2861 1583 2960 presbiteros

178 2990 265 3068 diui
278 2985 433 3064 Ordinis
459 2991 515 3066 vel
542 2991 636 3068 alios
660 2989 930 3070 divina'officia
959 2990 1076 3070 facere
1100 2990 1273 3071 celebrari
1301 2986 1379 3064 fine
1397 2987 1486 3079 juris
1507 3011 1588 3086 pre·
1619 2983 1624 2992 ’

181 3113 459 3208 judictoatienl
487 3122 565 3206 (ι).
592 3116 701 3194 Nulli
728 3143 821 3216 ergo
845 3121 1010 3195 omnino
1037 3118 1242 3196 hominum
1267 3116 1372 3192 liceat
1399 3117 1497 3191 hanc
1522 3137 1583 3211 pa·

182 3245 315 3342 ginam
343 3241 465 3321 nolite
490 3241 729 3322 conceffio'nis
757 3241 986 3345 infringere,
1009 3269 1073 3326 aut
1097 3247 1131 3324 ei
1158 3243 1245 3324 ausu
1274 3243 1472 3321 temerario
1498 3265 1599 3320 con«

185 3369 321 3444 traice.
347 3365 387 3444 Si
412 3367 494 3464 quis
519 3353 646 3444 autem
673 3369 746 3445 hoc
776 3391 959 3450 attentare
985 3369 1264 3470 presumpserit,
1285 3371 1588 3467 indignationem

185 3491 461 3590 omnipotentis
487 3487 588 3584 Dei,
615 3495 652 3569 dt
677 3492 871 3572 bearorum
898 3495 997 3574 Petri
1024 3501 1061 3576 dt
1088 3491 1483 3593 Pauli'Apost'olorrrm
1508 3495 1587 3584 ejus

184 3617 224 3698 se
249 3616 396 3698 noverit
420 3613 678 3696 incursurum.
704 3619 853 3700 Datum
877 3619 1054 3702 Laterts.
1077 3621 1150 3701 tt.
1176 3621 1232 3702 id.
1252 3619 1357 3701 Febr.
1383 3617 1586 3700 Pontifice-

186 3761 249 3824 tus
273 3741 388 3820 nostri
414 3765 518 3820 anno
543 3743 691 3843 primo.
811 3757 823 3770 “

288 3871 359 3970 sig.
385 3869 502 3974 Brned.
529 3873 594 3946 ΧΙ.
621 3871 660 3946 de
685 3894 800 3950 more.

235 4001 338 4074 Tm.
362 3997 409 4073 Il.
917 3997 955 4080 Y
980 4023 1006 4096 y
1431 4001 1536 4073 Bene·

184 4243 230 4322 (ι)
246 4237 400 4318 Religiolls
415 4232 551 4311 plerisque
565 4233 692 4298 Coerlbus
710 4238 767 4310 iarn
783 4259 800 4302 a
817 4239 863 4302 ia·
937 4242 987 4305 Cl.
1011 4241 1044 4306 Ρ.
1063 4243 1103 4304 D.
1120 4239 1165 4316 Jn
1183 4237 1304 4316 Baptista
1328 4235 1449 4300 'Gartico
1476 4233 1590 4324 Canos,

220 4345 286 4408 culo
310 4337 398 4419 Xlll.
415 4333 517 4398 sartam
543 4333 622 4399 suill'e
649 4340 721 4400 banc
747 4339 865 4405 saculrr·
938 4343 1040 4416 Regni.
1061 4341 1192 4402 Lartem.
1219 4342 1248 4422 in
1276 4335 1431 4400 dodiliimo
1448 4337 1493 4426 lie
1511 4337 1586 4398 Ora.

220 4461 296 4519 rem,
314 4457 347 4502 ut
364 4437 394 4498 in
412 4433 537 4512 propriis
554 4435 657 4498 ettbus
674 4445 807 4512 umoris,
823 4455 866 4502 at·
938 4447 1017 4506 soriis
1034 4439 1179 4514 domesticis
1198 4435 1287 4498 Libro
1304 4428 1375 4508 etp
1385 4433 1485 4506 vill,
1505 4435 1535 4498 ἀ
1554 4438 1587 4500 in
1664 4479 1669 4488 .

223 4557 278 4616 qne
294 4535 378 4602 draci
402 4529 533 4614 porrarili
559 4549 719 4614 urerentur,
746 4539 869 4603 ostendit
937 4533 1583 4616 opusnestusuaelrmrportaerilircrplllllt

24 5457 1973 5674 ζ
