4052 5486
502 529 578 600 too
726 517 1567 609 HonttrtcoaottMounuarr'rr

454 651 580 728 lorum
608 647 684 741 ejus
709 649 744 726 sc
771 654 915 729 noverit
940 651 1194 730 incursurum.
1222 653 1314 733 Dat.
1340 654 1517 756 Anagnia
1542 651 1628 732 XV.
1653 648 1740 732 Kal.
1765 649 1858 752 Julii

457 772 706 854 Pontificatus
733 777 846 854 nostri
871 803 976 856 anno
1002 781 1146 876 primo.

556 907 697 1005 Arergo
716 906 778 980 bac
796 905 982 978 luuntur:
1008 929 1070 1003 pet
1095 903 1176 981 illas
1202 907 1343 984 litteras
1369 901 1546 987 sufficiens
1573 905 1857 1008 apparet,quod

458 1025 604 1104 ccclesia
630 1053 717 1104 curn
742 1029 974 1124 pertinentiis
998 1049 1075 1106 erat
1101 1027 1263 1108 dillrasla
1289 1033 1460 1110 declaro
1486 1031 1685 1127 brixiensi,
1711 1038 1750 1112 dt
1770 1031 1862 1132 Epi·

459 1154 588 1253 scopus
614 1179 693 1229 non
719 1175 862 1254 poterat
891 1156 938 1231 ibi
968 1155 1190 1256 preposuum
1218 1161 1275 1234 vel
1297 1160 1494 1234 canonicos
1521 1155 1737 1254 instituere,
1759 1157 1862 1238 unde

459 1275 726 1354 discedentibus
751 1275 924 1355 fratribus
950 1281 1235 1379 predicatoribus
1261 1279 1489 1360 abeodem.

532 1531 724 1648 Gregorii
756 1532 831 1619 IX.
863 1534 1015 1622 Litrru
1047 1567 1095 1623 rra
1130 1537 1355 1623 Humiliari
1391 1540 1531 1647 iurare
1563 1563 1754 1655 cogantur
1776 1598 1793 1626 .

929 1775 1008 1823 asty.
1028 1777 1069 1815 to.
1087 1753 1143 1828 Jul.
1165 1754 1210 1810 Ex
1229 1754 1300 1814 Bibl.
1317 1753 1409 1814 braid.

467 1909 786 2159 Gchorius
811 1911 1009 2013 Episcopus
1036 1919 1168 1994 Servus
1194 1917 1394 1994 Servorum
1430 1913 1507 1995 Dei
1533 1913 1747 1996 Venerabili
1775 1913 1868 1994 Fra·

623 2047 668 2119 tri
689 2041 974 2141 Archippiscopo
997 2041 1256 2122 Mediolanen.
1284 2051 1338 2134 (1)
1368 2043 1523 2123 salutern
1560 2051 1598 2126 dt
1624 2043 1871 2144 apostolicam

625 2173 939 2254 beneditionem.
974 2173 1111 2253 Ditettt
1138 2173 1205 2252 filii
1230 2173 1420 2254 fratres&
1448 2176 1589 2252 sorores
1626 2171 1772 2249 ordinis
1802 2171 1871 2248 hu·

467 2297 700 2378 miliatorum
729 2300 834 2376 nobis
860 2301 1053 2378 humiliter
1078 2298 1358 2399 supplicarunt,
1388 2317 1430 2376 ut
1454 2323 1541 2374 curn
1567 2297 1693 2397 paffim
1721 2323 1742 2374 a
1771 2295 1869 2376 secu·

468 2423 605 2502 laribus
630 2421 869 2520 potestatibus
896 2449 962 2522 pto
988 2425 1158 2500 minimis
1182 2425 1263 2520 sepe
1302 2424 1407 2498 rebus
1431 2423 1550 2512 jurate
1576 2445 1760 2524 cogantur
1788 2429 1869 2518 (a),

470 2577 558 2628 curn
587 2551 660 2626 hoc
685 2573 817 2626 eorum
845 2548 1035 2649 propofito
1058 2551 1316 2642 contradicat,
1349 2547 1453 2647 super
1481 2552 1554 2626 hoc
1579 2553 1771 2648 providere
1800 2555 1870 2628 nti·

471 2677 699 2755 sericorditer
723 2677 985 2774 dignaremur.
1025 2672 1206 2774 Quocirca
1232 2673 1455 2751 fraternitati
1485 2693 1547 2751 tue
1583 2699 1646 2772 per
1672 2674 1869 2774 apostolica

405 2793 409 2800 ’
471 2805 598 2902 scripta
621 2804 863 2896 mandamus,
879 2822 1059 2902 quatenus
1084 2803 1198 2879 dilios
1222 2802 1352 2877 fratres
1376 2805 1413 2878 dt
1440 2800 1580 2878 sorores
1606 2825 1687 2876 non
1714 2807 1868 2900 permit.

474 2953 529 3011 tas
556 2930 627 3008 nist
646 2927 881 3024 testimonii,
906 2931 1141 3028 calumpnia,
1167 2927 1261 3026 pacis
1285 2931 1323 3004 bt
1346 2923 1430 3003 fidei
1458 2925 1575 3004 subire
1600 2929 1750 3028 aliquod
1775 2931 1871 3022 jura·

470 3078 645 3138 mentum
658 3111 672 3153 ,
700 3051 768 3132 nisi
793 3049 918 3130 forsan
943 3077 1078 3152 urgens
1103 3050 1287 3130 neceffitas
1308 3054 1346 3132 bt
1366 3051 1513 3129 evidens
1532 3053 1673 3133 utilitas
1697 3055 1734 3134 id
1757 3081 1871 3156 expo·

1721 3179 1820 3258 scete

473 3404 516 3474 (ι)
536 3401 672 3462 Hearieus
687 3399 798 3470 asprata
816 3397 840 3456 it
856 3412 934 3466 erat,
949 3397 982 3458 de
998 3415 1053 3474 quo
1070 3397 1150 3472 plura
1223 3421 1271 3462 aas
1290 3399 1468 3472 iureiurando
1483 3402 1611 3464 definitas
1640 3398 1720 3460 luisse
1743 3393 1868 3460 animad-

508 3503 607 3560 Saxius
624 3503 682 3558 Ser.
699 3498 831 3566 archiep.
849 3498 966 3560 Mrdr'ol.
983 3499 1026 3560 T.
1033 3501 1073 3560 11.
1086 3517 1152 3573 pag.
1224 3501 1308 3560 vertit
1321 3495 1442 3570 Jullnins
1460 3502 1596 3570 (Memor.
1611 3498 1651 3557 T.
1666 3499 1764 3567 ism.
1776 3496 1865 3568 ssu).

508 3611 569 3671 ⁶⁴0·
587 3607 650 3659 (Tc.
1228 3597 1307 3655 Hinc
1322 3591 1452 3658 Urbanus
1470 3599 1523 3659 ΙΙΙ.
1543 3599 1576 3657 ad
1600 3595 1791 3664 Bernatettses,
1820 3591 1864 3650 scu

474 3695 519 3770 (ι)
538 3697 673 3758 Vidimus
692 3692 906 3768 prudentisima
923 3675 997 3764 leges
1015 3691 1156 3754 Humilia·
1228 3693 1398 3754 Baioarenles
1432 3697 1591 3757 canonicos
1628 3696 1785 3768 Regulares
1822 3709 1864 3750 aa

512 3809 551 3867 tis
568 3805 602 3866 ab
621 3803 782 3863 innocentio
791 3799 845 3862 ΠΙ.
861 3803 930 3860 laras
947 3801 1044 3871 soille,
1061 3817 1091 3860 ut
1110 3799 1153 3869 iu-
1227 3794 1485 3858 MCLXXXVH.
1506 3794 1624 3860 scribtus
1647 3795 1720 3868 apud
1743 3793 1867 3856 eumden

514 3905 663 3976 rejutando
677 3923 707 3963 ea
718 3923 787 3976 ‚qua
802 3921 947 3977 parerat,
965 3903 1070 3960 ratione
1085 3917 1147 3960 ute·
1222 3901 1284 3973 (T.
1300 3901 1364 3958 VII.
1379 3917 1442 3972 pag.
1463 3899 1526 3965 ςο.)
1545 3899 1605 3956 ait:
1624 3899 1659 3956 Ia
1676 3901 1762 3964 trufis
1775 3893 1868 3954 accle-

513 4019 626 4064 rentur.
654 4003 712 4060 llic
729 4019 798 4062 vcro
816 3999 939 4060 ridemus
964 3999 1066 4058 multas
1084 3999 1149 4059 illos
1219 4004 1257 4070 fir
1274 4003 1379 4071 vestre,
1402 3998 1485 4056 donec
1500 4014 1550 4062 per
1568 4002 1645 4066 tester
1663 3994 1770 4054 idoneor
1785 4033 1796 4064 ‚
1820 3987 1867 4050 orl

512 4104 653 4165 molestias
669 4103 727 4176 pan
744 4095 997 4172 consueviffmuod
1014 4096 1078 4169 sape
1092 4097 1149 4165 ius·
1216 4095 1331 4166 publica
1349 4101 1528 4168 instrumenta
1554 4097 1674 4153 inrenria
1700 4097 1789 4162 vestra
1803 4103 1864 4157 pro·

514 4204 662 4276 iurandum
678 4201 802 4278 prostare
820 4217 977 4261 mouerent.
998 4199 1151 4260 Enimvero
1220 4197 1286 4260 bari
1298 4205 1401 4265 poterit
1415 4236 1423 4264 ‚
1435 4191 1569 4269 prestanda
1577 4199 1783 4262 intactarum,
1796 4183 1867 4264 quad

512 4324 596 4382 quarn
615 4303 738 4378 inquens
754 4319 835 4374 atque
849 4302 1012 4370 immodicus
1028 4301 1091 4362 erret
1107 4319 1154 4376 per
1228 4294 1399 4366 inpartibus
1416 4299 1510 4367 vestris
1530 4311 1603 4351 aava
1618 4296 1804 4364 Superstitiosus
1822 4303 1866 4348 rr·

510 4424 542 4465 ea
561 4422 683 4478 tempora
706 4399 814 4470 iurandi
841 4397 923 4472 usus,
949 4402 1012 4462 satit
1030 4403 1151 4462 ostendit
1224 4405 1346 4476 quiritur
1365 4439 1374 4468 ,
1400 4411 1504 4461 urum
1521 4391 1598 4458 vobit
1613 4391 1807 4462 *interdicatur
1818 4396 1868 4466 so·

507 4507 659 4580 Congius,
685 4523 748 4562 otum
776 4503 933 4561 innumeros
952 4501 1062 4570 iurandi
1083 4505 1154 4565 ritus
1227 4501 1383 4564 cultatem.

506 4607 646 4668 recenset.
665 4599 822 4664 Mediolani
834 4599 1001 4664 recocsat'as
1017 4601 1075 4664 sere
1085 4621 1147 4663 oas-
