4052 5486
493 525 574 606 168
729 527 1176 606 Hunttrlrottnu
1213 525 1571 608 M'ouuntarrsa
1631 552 1635 560 ’
1836 621 1853 633 Ἴ,

442 653 563 752 dinis,
586 653 866 736 &Monialium
896 669 1097 759 pauperum
1124 653 1344 732 inclusarum
1372 661 1426 749 (2)
1454 659 1650 732 dumtaxat
1673 650 1847 751 exceptis,

447 783 554 858 omni
584 807 687 857 anno
712 784 832 860 donee
860 785 965 859 nobis
993 785 1190 879 placuerit,
1229 779 1343 858 semel
1371 787 1426 856 vel
1455 784 1590 879 pluries
1615 780 1717 858 licuti
1746 781 1849 856 vide·

449 890 527 986 ritis
552 908 753 1004 expedire,
791 909 983 1006 privilegiis
1010 933 1142 984 eorum
1178 905 1480 1004 &indulgentiis
1514 930 1746 1008 nequaquam
1781 905 1853 982 ob-

451 1031 650 1123 stantibus,
677 1035 949 1109 committimus
977 1033 1185 1126 visitanda
1216 1033 1438 1132 presentium
1465 1036 1682 1110 austeritate
1710 1035 1751 1108 in
1778 1034 1852 1109 vir·

452 1168 530 1230 tute
557 1157 766 1232 obedientie
792 1157 945 1234 districte
974 1159 1205 1255 precipiendo
1232 1157 1485 1250 mandantes,
1524 1149 1707 1258 quatenus
1742 1159 1851 1235 omni

453 1306 585 1376 mora,
613 1283 729 1379 gratia
756 1287 793 1359 bt
821 1283 955 1356 timore
984 1281 1217 1380 postpolitis,
1244 1286 1432 1382 corrigatis
1459 1285 1702 1385 appellatione
1729 1309 1854 1362 remo·

372 1501 377 1511 ,
455 1427 492 1486 ta
519 1397 696 1506 intrepide
723 1434 762 1485 ac
780 1407 979 1487 ‘efficaciter'
1016 1431 1093 1486 tam
1121 1411 1303 1508 incapite
1334 1419 1450 1510 quam
1492 1413 1530 1488 in
1567 1411 1741 1488 membris
1765 1413 1860 1512 que.

453 1560 613 1635 cumque
641 1535 800 1612 videritis
825 1535 1063 1634 corrigenda,
1089 1537 1371 1612 contradideres
1398 1541 1435 1614 &
1462 1535 1613 1612 rebelles
1641 1560 1700 1635 pet
1725 1537 1858 1614 censu·

458 1689 537 1741 tam
559 1659 831 1758 ecclesiasticam
860 1661 1106 1756 appellatione
1136 1659 1329 1758 postposita
1349 1659 1641 1759 compescendo,
1664 1660 1863 1736 correbtio.

459 1778 568 1862 nibus
593 1783 694 1861 fabbis
719 1787 758 1858 in
787 1779 949 1880 generati
976 1785 1136 1878 capitulo
1163 1784 1202 1856 in
1231 1784 1296 1858 suo
1323 1783 1455 1858 robure
1482 1784 1685 1860 duraturis.
1715 1784 1861 1863 Rescri-

459 1911 554 1986 batis
581 1928 703 1985 autem
729 1931 800 2006 que
825 1903 983 1982 feceritis
1010 1909 1115 2004 plene
1144 1906 1278 1998 nobis,
1317 1909 1379 2007 qui
1415 1907 1458 1982 ad
1493 1907 1567 1984 hoc
1591 1912 1738 1984 auetore
1767 1909 1863 1988 Deo

459 2037 565 2117 robis
590 2036 759 2112 dabimus
783 2033 980 2110 confilium
1008 2037 1045 2110 bt
1071 2033 1250 2108 atrxilium
1277 2053 1551 2130 opportunum.
1586 2034 1625 2110 si
1653 2056 1741 2108 veto
1766 2037 1862 2114 ciret

460 2161 674 2254 huiusmodi
702 2161 845 2234 animas
872 2155 1073 2253 redemptas
1100 2157 1281 2252 sanguine
1307 2157 1524 2249 Nazareni,
1558 2154 1726 2248 fueritis,
1763 2161 1865 2258 quod

464 2319 546 2371 non
572 2287 754 2365 credimus
773 2311 801 2380 ,·
819 2285 1074 2380 negligentes,
1101 2282 1207 2361 Deus
1234 2285 1425 2364 ultionum
1450 2285 1626 2362 dominus
1653 2309 1693 2360 ae
1720 2287 1864 2368 realem.

463 2445 580 2524 ptor,
620 2415 779 2512 requiret
804 2439 848 2487 ea
872 2413 918 2488 de
946 2409 1117 2486 manibus
1144 2407 1266 2484 vestris
1292 2411 1331 2482 in
1359 2411 1418 2484 die
1444 2408 1774 2494 animadversionis
1795 2439 1865 2492 ex.

464 2567 609 2634 treme,
637 2539 786 2638 quando
809 2554 973 2610 creatura
999 2533 1154 2606 armabit
1181 2531 1215 2606 sc
1237 2533 1281 2606 ad
1307 2532 1750 2624 ulciscendamlnjanam
1769 2564 1866 2620 crea·

464 2671 577 2745 toris.
619 2664 699 2740 Nos
722 2683 868 2761 quoqne
887 2659 1162 2756 negligentiam
1190 2650 1398 2744 huiusmodi
1435 2681 1527 2743 nnn¹
1552 2667 1752 2756 poterimus
1780 2665 1858 2744 stne

465 2781 750 2872 dillimulatione
778 2782 953 2862 transire.
981 2779 1093 2878 Quod
1121 2780 1148 2857 ss
1176 2805 1257 2858 non
1283 2807 1415 2862 ornnes
1442 2787 1486 2861 iis
1512 2792 1735 2888 exequendis
1762 2815 1862 2892 pote·

469 2920 550 2997 ritis
574 2911 850 3005 interesse,duo
864 2904 1022 2986 vestrum
1042 2931 1088 2984 ea
1109 2897 1358 2984 nibilominus
1380 2933 1633 3010 exequantur.
1662 2915 1870 3006 DatAne·

469 3043 559 3146 gnie
587 3037 748 3115 secundo
776 3037 879 3112 Non.
905 3035 1004 3137 Sept.
1030 3029 1272 3114 Pontificatus
1298 3033 1419 3118 nostri
1447 3059 1553 3118 anuo
1577 3041 1726 3138 ptimo.

569 3169 747 3270 sigillat
768 3162 847 3266 sup.

1741 4129 1822 4210 Pri·

471 4306 518 4386 (ι)
544 4317 609 4375 Hoc
629 4313 734 4373 scillcet
752 4310 864 4369 nomine
881 4303 1072 4364 rranctscane
1087 4303 1153 4363 San·
1226 4298 1357 4372 Gregorii
1375 4298 1432 4357 tx.
1450 4299 1539 4359 literis
1567 4318 1614 4360 sn.
1636 4257 1877 4366 mccxxxffi.

448 4399 453 4408 .
511 4415 688 4480 &insoniales
708 4407 881 4478 indicantur,
899 4407 972 4481 quod
991 4405 1022 4465 ἃ
1039 4421 1154 4478 pauper.
1225 4399 1297 4459 duta
1315 4401 1386 4470 ,pud
1404 4399 1435 4458 p,
1456 4401 1627 4460 pompam
1647 4407 1786 4473 (Nom
1801 4381 1869 4466 cd

476 4525 478 4532 ,
509 4531 592 4574 tarem
614 4509 827 4585 profiterentur,
846 4519 927 4582 atque
941 4503 1043 4565 edibus
1057 4501 1152 4572 clausu
1193 4517 1200 4528 ·
1222 4501 1276 4562 trel.
1294 4500 1436 4564 de'lirarr'
1454 4501 1566 4562 maur
1585 4502 1726 4568 rur-11.
1744 4505 1870 4584 σιμ.)

509 4617 654 4681 virerent.
672 4607 779 4671 Eodem
798 4605 910 4668 nomine
923 4597 1098 4677 deliquantur
1115 4603 1145 4660 ln
1202 4619 1205 4627 ·
