3978 5484
251 515 1239 612 DeHuuttrar.DotrrnrsextneMatoustana
1251 555 1414 613 rostrre.
1454 551 1506 630 97

155 635 224 720 lius
244 657 275 737 ,j
291 670 338 726 ex
361 651 523 749 quibus,
555 674 667 752 quent
700 653 834 734 infelix
866 657 954 732 esset
989 659 1116 734 medio
1142 660 1284 736 circiter
1309 657 1396 734 XV.
1424 655 1555 736 saeculo

150 775 421 866 buius'domue
446 784 648 880 conditio,
672 789 915 885 colligimus.
952 785 1084 863 Codex
1109 784 1342 865 inscribitur:
1371 785 1471 864 Liber
1495 809 1555 858 ra·

147 905 276 982 leudem
303 911 482 995 Manfrmis
506 913 654 1009 Spiritus
686 913 805 990 emeli
839 917 1144 1006 florentiano,
1183 933 1293 1014 atque
1322 911 1366 988 ab
1392 909 1555 1002 ejusdem

145 1029 283 1106 domus
306 1028 508 1129 Praeposito
530 1034 757 1135 conscriptus
781 1037 878 1131 suit,
905 1065 945 1116 ac
970 1036 1068 1115 sorte
1093 1037 1293 1116 abeodem
1318 1038 1409 1128 illo,
1436 1061 1548 1136 quem

144 1178 238 1230 mox
251 1157 465 1234 memorari.
481 1158 706 1263 videbimus.
735 1159 791 1235 Ibi
815 1187 903 1236 vero
925 1163 969 1237 ad
992 1189 1052 1236 an.
1074 1158 1442 1239 MCCCCXLVlII.
1466 1161 1546 1234 ltaec

144 1278 351 1358 habentor:
372 1287 463 1356 Note
483 1285 563 1374 quod
583 1283 621 1356 de
640 1291 1038 1358 annrMCCCCXLVII.
1051 1289 1189 1360 Civitas
1201 1285 1260 1370 isla
1280 1283 1520 1372 (Placentina
1540 1275 1557 1360 i

142 1404 219 1500 ferit
237 1405 481 1498 sochomanata
515 1410 623 1500 (qun
649 1423 813 1502 tempore
838 1403 968 1483 scilicet
995 1406 1073 1504 post
1096 1404 1257 1504 Philippi
1285 1405 1413 1480 Matiae
1440 1405 1549 1484 Vice-

146 1535 300 1609 comitia
323 1549 489 1606 mortem
512 1528 680 1608 insubria
701 1533 827 1608 omnis
846 1529 1128 1638 dissenfionibns
1153 1532 1324 1633 bellisque
1347 1527 1496 1604 ardebat
1510 1535 1553 1622 ),·

141 1659 225 1738 adeo
250 1659 334 1756 qaod
356 1657 632 1753 perdidinmnie
654 1654 734 1732 iore
770 1655 908 1734 mobilia
936 1657 1158 1752 Monalierir',
1182 1651 1223 1737 si
1248 1680 1357 1748 mee,
1390 1649 1431 1734 ss
1464 1656 1555 1750 quast

140 1806 257 1870 oenus
282 1781 385 1858 libros
409 1783 589 1860 ebrioram.
602 1789 767 1859 amorem
786 1784 1064 1881 preteritorum
1098 1777 1142 1862 si·
1164 1783 1308 1875 multe,
1345 1793 1414 1878 'que
1441 1794 1557 1854 mutua

140 1907 248 2018 micis
272 1906 507 2001 deruerunt,
536 1907 616 2004 quia
640 1907 676 1982 in
701 1908 794 1984 demo
814 1931 936 2006 parem
962 1901 1003 1983 ss
1028 1907 1120 2002 quast
1143 1908 1231 1980 urhis
1256 1907 1398 2003 inveni,
1427 1907 1557 2004 quande

134 2031 280 2110 meravi
299 2032 536 2131 poffiffimem.
559 2085 569 2110 .
658 2087 668 2106 .
695 2027 736 2114 b·
759 2029 862 2131 possea
883 2031 1039 2128 presidio
1063 2059 1149 2108 euno
1167 2032 1362 2129 sochomani
1386 2031 1481 2130 usque
1507 2035 1553 2108 ad

140 2160 334 2263 presentem
352 2161 619 2264 suprascriptum
639 2165 709 2242 uix
727 2161 842 2240 ualere
864 2162 1136 2257 potestantem,
1162 2187 1222 2256 quo
1239 2185 1415 2261 pauperem
1439 2168 1559 2242 vitaer

139 2289 257 2364 ducere
284 2281 323 2362 a'e
340 2286 524 2382 sustentare
546 2303 735 2386 poteram
768 2286 846 2390 pitin
868 2307 942 2370 ymo
965 2285 1113 2380 oportuit
1138 2289 1189 2360 me
1208 2284 1323 2379 facere
1348 2289 1454 2386 etiam
1478 2289 1556 2364 alie

143 2411 291 2505 delita,
326 2416 405 2510 quie
428 2439 484 2486 nec
505 2410 695 2511 poffilfidner
728 2407 874 2486 lairraeri
894 2427 1085 2508 poterant,
1121 2442 1176 2490 arec
1198 2417 1397 2516 penssmarii
1424 2416 1560 2512 solvere

141 2534 328 2628 volebam
337 2536 499 2630 sednmne
513 2539 549 2611 id
557 2591 569 2629 ‚
581 2535 787 2632 quodbaberr‘
795 2551 952 2634 peterat,
970 2538 1149 2616 videbatur
1158 2545 1304 2618 meltum
1318 2537 1359 2620 Β
1372 2568 1555 2643 magnum.

142 2660 234 2738 Tria
246 2659 379 2736 deinde
392 2658 594 2737 subduntur
607 2660 880 2752 Visitatorum,
900 2677 941 2736 ut
962 2658 1093 2756 ajunt,
1115 2663 1214 2742 illius
1233 2667 1370 2743 domus
1378 2671 1519 2746 decreta
1537 2725 1552 2764 ,

144 2791 311 2888 primum
337 2811 398 2864 an.
420 2781 711 2864 MCCCCLXI.
738 2783 790 2860 11.
818 2783 935 2875 Mam
962 2789 1125 2863 alterum
1150 2815 1210 2865 an.
1234 2789 1553 2872 MCCCCLXII.

144 2909 193 2988 X.
210 2911 322 3012 Jan,
347 2911 498 2991 tertium
524 2931 584 2986 an.
605 2903 952 2988 MCCGCLXXV.
979 2905 1141 2986 XXVII.
1163 2911 1288 3008 Non,
1314 2915 1445 3014 quibus
1467 2942 1553 2994 om·-

146 3039 257 3148 nibur
294 3037 494 3134 Franciseus
530 3039 655 3114 Karoli
691 3036 788 3114 illius
819 3035 954 3113 domus
991 3031 1210 3144 Preeposttnt
1244 3037 1294 3114 ob
1329 3041 1554 3136 diligentem

148 3167 307 3258 eiusdem
341 3161 702 3242 administrationem
736 3161 1057 3256 commendatur,
1092 3183 1200 3263 etque
1234 3163 1280 3240 ab
1316 3165 1465 3262 expensi
1492 3193 1553 3245 ec·

150 3299 319 3397 ceptique·
336 3292 543 3372 rationibus
570 3289 762 3366 reddendis
787 3288 985 3366 eximitur.
1021 3286 1098 3366 Sub
1124 3313 1287 3366 extrema
1317 3289 1557 3368 Humilietm

151 3447 236 3500 rum
256 3441 424 3522 tempora
442 3413 697 3500 commendeti
718 3416 852 3512 erepit:
879 3414 924 3489 iis
946 3437 1033 3498 vero
1055 3417 1245 3509 extinuis,
1273 3417 1447 3496 Antonio
1469 3419 1555 3498 Sco·

154 3573 283 3648 rampo
303 3547 488 3624 Laudensr
512 3543 694 3644 Episcopo
714 3537 965 3638 Praepostturae
988 3536 1149 3630 ejusdem
1173 3543 1335 3624 redditur
1356 3539 1555 3626 commen·
1627 3631 1632 3643 ,

154 3676 228 3756 dati
249 3675 356 3768 sunt3
383 3677 446 3776 qui
470 3695 556 3748 cum
583 3696 641 3746 en.
663 3662 932 3744 MDLXXVI.
953 3663 1168 3762 decessisset,
1188 3670 1411 3749 Placentino
1431 3674 1566 3778 Senti·⁸

152 3806 259 3880 natio
285 3801 414 3878 addilli
441 3795 594 3876 suerunt
628 3801 707 3888 (a).
744 3792 872 3874 Tertia
905 3809 1030 3878 autern
1065 3793 1129 3868 illa
1164 3793 1382 3874 Placentina
1416 3797 1552 3880 domur

153 3930 450 4023 defrenata,
477 3951 557 4028 quae
582 3924 626 3999 ab
650 3925 764 4002 altera
791 3917 1051 4015 distinguenda
1076 3917 1161 4012 esi,
1194 3945 1304 4020 quarn
1331 3947 1422 4000 mox
1446 3951 1552 4004 com·

157 4055 478 4147 memorabimus,
511 4071 662 4152 queque
698 4047 743 4124 ad
773 4043 889 4142 ipsam
921 4045 1180 4122 Placentinum
1211 4045 1341 4122 urbem
1368 4037 1556 4147 pertinere

154 4215 180 4268 e
202 4183 386 4265 Chronici
411 4180 618 4260 Placentini
648 4177 793 4254 audiere
818 4173 973 4264 dicitur,
1000 4168 1202 4248 recensetur
1222 4173 1337 4248 etiam
1363 4172 1402 4250 in
1424 4173 1547 4258 Cant.

159 4341 217 4394 an.
238 4304 555 4398 MCCCXLIV„
582 4299 641 4380 sed
664 4301 768 4378 nulle
789 4299 861 4377 elia
883 4297 1066 4376 recentior
1086 4293 1246 4387 eiusdem
1267 4282 1474 4376 memoria.

142 4409 152 4420 ’
209 4449 318 4516 rom..
334 4442 383 4512 rr.
889 4423 930 4501 N
1107 4454 1113 4477 =
1345 4421 1509 4502 vatn
