4028 5492
509 574 584 645 266
737 563 1584 652 HostrsrarottunMottnttestrt

456 686 508 764 ad
536 691 627 768 illud
655 693 821 773 officium
855 696 1045 794 deputatos
1079 711 1251 794 regantur
1286 685 1477 784 fideliter,
1513 696 1550 770 bt
1577 689 1622 766 ab
1648 689 1727 766 aliis
1751 677 1867 766 bonis'

457 812 559 890 illius
584 815 743 896 Ecclcste
770 821 977 898 habeantur
1003 818 1149 918 penitus
1175 815 1337 915 separata
1359 843 1370 907 3
1403 821 1442 896 δι
1466 819 1511 892 de
1539 813 1621 912 ipsis
1644 840 1730 892 cum
1756 840 1863 891 com·

457 942 570 1017 mode
600 938 676 1020 fieri
706 947 840 1042 poterit
874 966 962 1022 ante
995 945 1127 1020 omnia
1161 943 1402 1018 imminentia
1431 941 1554 1017 debita
1582 943 1858 1038 persolvantur·

459 1065 672 1145 statuentes
706 1073 744 1150 bt
779 1071 1050 1169 precipientes,
1084 1089 1125 1145 ut
1152 1071 1392 1166 predislarum
1426 1063 1670 1144 Ecclefiarum
1712 1064 1864 1144 Priores

460 1197 498 1270 dt
526 1191 750 1270 Conventus
777 1193 914 1295 aliquas
942 1193 1167 1292 polleil'tones
1202 1219 1281 1270 non
1313 1213 1475 1288 emant,
1513 1217 1579 1270 nec
1603 1189 1746 1270 edificia
1773 1217 1863 1270 con·

459 1313 628 1408 struant,
664 1315 795 1416 absque
821 1315 1000 1394 nostra&
1026 1315 1301 1414 Prcposttorttm
1321 1318 1367 1391 de
1389 1315 1678 1410 Vieoboldono,
1704 1321 1742 1394 bt
1763 1318 1860 1394 ultra'

457 1438 637 1520 Ticinum
663 1439 820 1516 confilio
854 1448 891 1522 dt
928 1441 1103 1534 assensu,
1136 1443 1257 1517 donec
1291 1439 1364 1535 ipsa
1397 1441 1519 1518 debita
1549 1439 1688 1519 suerint
1715 1445 1862 1541 integre

459 1561 670 1662 persoluta.
699 1561 843 1660 Quibus
868 1566 998 1642 debitis
1024 1564 1234 1657 exsolutis,
1259 1565 1359 1664 quod
1385 1589 1430 1639 ert
1456 1586 1544 1641 tunc
1570 1567 1722 1666 deipsis
1749 1571 1857 1645 luctis

460 1689 672 1771 faciendum
705 1689 847 1784 suerit,
887 1689 1009 1767 nostre
1044 1716 1085 1766 ac
1118 1689 1280 1777 ejusdem
1305 1687 1483 1786 Prepostti
1514 1690 1638 1767 Sansli
1664 1691 1861 1769 Michaelis

460 1815 685 1916 permistioni
707 1821 742 1894 dt
763 1819 993 1892 ordinationi
1018 1812 1222 1891 servamus.
1248 1811 1341 1912 Qrae
1362 1815 1557 1912 (omnia)
1572 1827 1609 1899 dt
1630 1821 1795 1921 singula,
1816 1841 1856 1899 ut

459 1938 622 2036 superins
648 1939 811 2036 legitur,
838 1939 1028 2014 slatrrimus
1053 1945 1090 2018 dt
1117 1927 1333 2040 precipimus
1360 1943 1625 2022 inviolabiliter
1647 1945 1855 2046 obseruari,

458 2059 562 2138 salvis
590 2063 762 2174 omnibus
788 2063 1100 2156 subjectionibus,
1136 2067 1173 2142 δε
1199 2063 1439 2160 honoribus,
1475 2067 1780 2170 vibrationibus,
1818 2079 1856 2156 dt

452 2189 745 2290 correptionibus
779 2195 817 2270 bt
850 2189 988 2280 juribus
1024 2193 1102 2264 aliis
1137 2191 1404 2288 pertinentibus
1438 2193 1477 2266 itt
1505 2191 1673 2272 Ecclcstts
1699 2201 1782 2277 ‘illis
1810 2201 1853 2278 ad

377 2421 380 2426 Ι
454 2313 685 2411 Ptepofitum
719 2337 924 2392 memorate
956 2315 1116 2392 Eccleste
1149 2315 1274 2391 Sattsii
1304 2311 1499 2395 Michaelis
1527 2323 1572 2398 dc
1599 2323 1848 2424 Alexandria;

450 2449 489 2522 bt
503 2444 870 2518 excommunicamus
884 2466 1018 2516 omnes
1031 2445 1114 2516 illos
1129 2443 1191 2540 qui
1208 2435 1415 2532 hujusmodi
1429 2465 1559 2524 contra
1577 2441 1692 2542 (forte
1707 2453 1851 2550 nostra)

454 2563 586 2644 ssattrta
611 2564 935 2660 contempserint,
969 2569 1025 2640 vel
1055 2563 1246 2639 noluerint
1272 2565 1493 2648 observate:
1529 2573 1707 2655 reservata
1746 2583 1851 2660 nobis

448 2693 488 2766 ἃ
516 2686 766 2768 successoribus
793 2686 923 2766 uostris
949 2687 1125 2787 sempet'
1116 2713 1154 2762 tn
1184 2690 1344 2786 predictis
1371 2695 1543 2772 omnibus
1571 2705 1716 2780 &aliis
1744 2727 1843 2806 pote

447 2812 539 2892 state
566 2817 768 2909 mutandi,
797 2816 986 2908 addendi,
1013 2819 1051 2893 &
1076 2815 1341 2910 corrigendi,
1350 2821 1387 2892 dt
1414 2821 1677 2916 interpretandi
1701 2887 1713 2926 ,
1741 2856 1846 2930 prout
1985 2879 1986 2883 =

452 2942 587 3014 melius
612 2945 649 3018 bt
673 2943 801 3015 utilius
827 2938 1033 3037 apparebit.
1062 2937 1109 3012 In
1130 2940 1233 3012 cuius
1258 2943 1306 3014 rei
1336 2941 1590 3026 tellimoninm
1612 2957 1656 3028 de
1679 2958 1751 3032 hiis
1771 2959 1839 3048 jus-
1984 3023 1985 3032 ,

450 3061 563 3141 simus
589 3063 665 3140 fi'eti
695 3065 881 3158 publicum
908 3062 1232 3157 instrumentum,
1268 3071 1304 3142 bt
1332 3069 1447 3163 ipsum
1488 3077 1598 3152 nollri
1629 3084 1738 3178 sigilli
1768 3113 1845 3163 mu·

453 3193 598 3266 nimine
613 3189 800 3266 roborari.
821 3187 1008 3263 Omnibus
1022 3187 1063 3262 stt
1079 3193 1196 3282 pax&
1211 3195 1480 3290 tranquillitas.
1506 3204 1638 3280 Auum
1663 3212 1700 3283 in
1723 3214 1839 3289 domo

444 3315 746 3436 Hutniliatorum
773 3317 818 3389 de
847 3313 977 3389 Braida
1009 3313 1047 3384 in
1074 3314 1236 3387 Civitate
1268 3313 1475 3397 Mediolani
1507 3325 1683 3407 seliciter.

549 3437 803 3516 Intersuerunt
831 3459 896 3532 pro
922 3433 1089 3510 Notariis
1115 3433 1272 3511 Maffeus
1295 3437 1487 3538 Lignacius
1510 3449 1605 3528 filius
1629 3457 1835 3541 Potenzani
1981 3443 1982 3471 ³

442 3558 636 3658 Lignacii,
661 3565 700 3638 dt
726 3559 990 3634 Bonatentura
1016 3557 1062 3635 de
1089 3559 1220 3638 Raude
1245 3561 1342 3642 filius
1369 3569 1521 3652 Raineri
1546 3578 1591 3656 de
1617 3584 1749 3665 Raude
1775 3591 1838 3670 Ci-

446 3687 569 3763 vitatis
597 3685 829 3760 Mediolani.

546 3805 797 3886 Interstterunt
825 3807 959 3884 ibidem
984 3807 1089 3886 telles
1118 3809 1311 3890 Dominus
1344 3813 1500 3913 Jacobus
1533 3827 1680 3932 Prepos
1686 3859 1743 3915 tus
1770 3839 1836 3920 Ec.

441 3935 549 4014 cleste
573 3937 697 4014 sinui
723 3931 882 4032 Joannis
916 3931 1210 4010 Humiliatornm
1248 3959 1351 4031 porte
1386 3945 1607 4048 orientalis,
1645 3963 1697 4039 &'
1710 3961 1833 4042 Frater

439 4063 681 4159 Guglielmus
698 4061 744 4134 de
765 4060 881 4135 Sexto
902 4055 1066 4158 Prelattts
1084 4060 1218 4134 domus
1240 4059 1537 4146 Hutniliatorum
1559 4079 1695 4160 domus
1715 4111 1832 4183 nove,

438 4193 476 4268 lit
499 4189 624 4264 Frater
646 4183 833 4260 Antichus
852 4173 898 4256 le
919 4149 1143 4278 Mascenago
1158 4182 1318 4272 eiusdem
1338 4187 1472 4265 domus
1484 4198 1692 4287 ‚thrater
1705 4209 1830 4288 Petrus

439 4314 575 4392 domus
602 4307 902 4386 Humiliatotum
925 4305 972 4384 de
995 4303 1129 4384 Sansia
1155 4309 1277 4407 agata
1302 4311 1341 4387 dt
1365 4313 1428 4389 alii
1454 4322 1598 4416 plures.
1680 4331 1684 4338 “

1840 4414 1844 4422 ·
1973 4379 1975 4497 l
