3978 5484
491 477 565 556 '108
737 483 1067 562 Dresentnrrortrt
1095 507 1264 566 euterun
1292 490 1392 568 Part
1426 511 1580 570 aeruna

439 605 640 682 constabit.
678 607 724 686 In
758 610 880 689 Catal.
919 637 981 690 an.
1010 611 1218 690 MDLXX.
1257 616 1357 694 inter
1393 616 1680 694 commendatas
1711 614 1840 696 domos

441 729 694 834 fratribusque
720 761 849 816 vacuas
869 741 1098 822 recensetur.
1126 739 1350 818 parochialis
1377 743 1414 820 S.
1432 741 1587 820 Martini
1606 743 1698 820 aedet
1720 741 1837 818 adhuc

440 843 617 956 superest.
656 863 837 960 Cigqunt
870 885 992 948 autem
1028 867 1183 946 castrum
1207 870 1350 946 duobus
1377 871 1518 946 circiter
1544 871 1650 946 mille
1685 868 1834 966 passibus

441 984 480 1064 S.
508 986 674 1064 Miniato
701 989 822 1087 obesi,
848 997 962 1092 vulgo
988 997 1128 1088 Civoli,
1156 998 1249 1072 olim
1275 999 1389 1072 etiem
1414 997 1526 1071 Caeli.
1554 994 1618 1072 De
1633 993 1743 1084 httjus
1767 996 1834 1072 do*

442 1133 524 1184 ntus
550 1113 696 1209 origine
721 1117 913 1214 egregium
938 1138 1236 1198 monumentum
1263 1147 1284 1197 a
1310 1117 1548 1199 CtMrnrio
1574 1119 1618 1194 ed
1640 1143 1709 1196 nos
1730 1139 1827 1196 tratt-

441 1233 606 1312 smissum
633 1234 699 1314 suo
725 1244 810 1318 loco
835 1243 1011 1336 edemus,
1043 1266 1088 1320 ex
1114 1269 1189 1342 quo
1214 1245 1377 1338 constat,
1412 1246 1512 1322 illiue
1546 1241 1667 1341 oppidi
1694 1245 1837 1322 incola·

439 1383 525 1437 rum
553 1360 794 1441 beneficentia
819 1366 910 1443 circa
936 1389 1079 1443 annum
1106 1366 1340 1448 MCCCXL.
1366 1366 1503 1446 sedium
1529 1365 1660 1461 fuisse,
1687 1386 1728 1446 ut
1755 1367 1840 1445 Hua

439 1489 571 1564 miliati
599 1491 688 1566 illuc
713 1490 1000 1585 advocarentur,
1027 1490 1140 1590 iisque
1164 1492 1201 1570 S.
1216 1491 1408 1570 Michaelis
1435 1491 1595 1572 Ecclesia
1623 1492 1842 1570 attribuere·

441 1633 528 1708 tur,
554 1637 634 1714 quae
659 1613 749 1711 saepe
773 1615 887 1692 etiam
924 1614 961 1692 S.
989 1613 1119 1690 Mariae
1146 1616 1195 1692 ob
1219 1619 1400 1696 celebrem
1427 1617 1598 1716 Dciparae
1625 1619 1834 1716 imaginem

442 1743 670 1838 appellatur.
697 1740 808 1817 Hanc
832 1743 944 1816 etiam
965 1741 1010 1818 ad
1029 1760 1238 1818 extremum
1259 1740 1371 1842 usque
1391 1742 1595 1824 Humiliati
1616 1757 1836 1824 tenuerunt.

438 1862 527 1940 Alia
551 1863 710 1964 denique
743 1865 784 1941 in
810 1861 958 1942 Etruria
990 1862 1135 1942 domus¹
1157 1865 1378 1942 Humiliatis
1410 1863 1574 1940 concessa
1606 1867 1691 1959 esi,
1717 1867 1837 1965 Paga.

442 1991 515 2066 nici
544 2015 710 2090 nempe,
742 1993 842 2091 quod
864 1989 1037 2068 Senensrs
1071 1991 1150 2086 agri
1181 1987 1234 2066 est
1266 1986 1462 2089 oppidum.
1502 1988 1676 2068 Vidimus
1701 1989 1780 2066 Vol
1806 1988 1839 2068 1.

440 2123 754 2212 pag.169.,'cum
781 2112 954 2212 Paganici
985 2115 1127 2192 moenia'
1149 2110 1490 2194 ansmecxctlt.
1517 2111 1840 2208 instaurarentur,

436 2237 693 2319 Humiliatum
721 2242 918 2339 quemdam
951 2240 1051 2336 operi
1078 2235 1284 2334 profertum
1310 2234 1437 2337 suisse3
1471 2261 1547 2336 quo
1581 2237 1724 2334 perasto
1753 2235 1838 2312 Hu-

435 2369 665 2446 miliatorum
690 2366 824 2442 domus
850 2363 984 2438 ibidem
1011 2360 1185 2438 exstructa
1212 2359 1287 2451 cst,
1318 2383 1401 2458 que
1434 2380 1562 2436 tamen
1587 2355 1744 2436 Senenfi
1772 2355 1828 2432 su·

435 2493 545 2570 besset
569 2495 646 2581 <a);
670 2515 715 2568 ex
734 2513 810 2589 quo
828 2485 965 2565 sadum
985 2483 1144 2562 ¹urbitror
1166 2537 1179 2577 ,
1204 2503 1247 2560 ut
1272 2485 1313 2558 in
1341 2481 1539 2562 vetustiore
1564 2483 1754 2579 Catalego
1775 2484 1837 2558 ilia

436 2615 701 2706 omitteretur,
726 2627 768 2694 ut
795 2631 881 2710 pote
907 2635 986 2711 quae
1013 2605 1324 2686 Senenfisdomus
1352 2629 1430 2702 pars
1455 2603 1682 2684 censeretur.
1709 2609 1832 2684 Anno

432 2762 521 2816 vero
548 2733 781 2817 MCCCXL.
806 2733 961 2834 Jacobus
986 2733 1178 2810 Generalis
1204 2731 1502 2808 Humiliatorum
1522 2729 1701 2826 Magister
1726 2733 1830 2810 iliam

436 2861 610 2940 Senenfis
635 2865 769 2938 domus
795 2860 872 2952 jure
899 2857 1031 2952 solvit,
1066 2857 1164 2958 quod
1190 2879 1238 2932 ert
1273 2874 1522 2934 monumento
1552 2857 1728 2936 Senensis
1756 2860 1826 2938 Ar·

433 2988 719 3086 chiepiscopatus
744 2985 908 3064 constare
931 2984 1084 3060 dicitur.
1110 2982 1281 3080 Suspicor
1308 3001 1434 3062 tamen
1455 3010 1625 3062 errorem
1653 2987 1693 3060 in
1720 3008 1825 3063 anno

427 3117 565 3198 latere.
603 3112 705 3192 Cum
731 3113 836 3187 enim
870 3131 917 3186 ne
951 3107 992 3182 in
1019 3106 1096 3204 ipso
1121 3109 1270 3206 quidem
1289 3109 1412 3188 -carat
1441 3133 1502 3186 an.
1529 3105 1825 3198 MCCCXLIV,

421 3238 657 3316 recenseatur
682 3238 769 3328 illa,
795 3233 855 3312 sed
883 3232 959 3331 post
984 3231 1159 3308 eumdem
1185 3255 1331 3308 annum
1357 3227 1509 3312 fundata
1536 3235 1711 3327 dicatur,
1743 3257 1825 3310 non

426 3366 571 3440 videtur
596 3360 670 3449 jam
697 3357 744 3435 ab
770 3383 830 3433 an.
852 3352 1086 3434 MCCCXL.
1122 3356 1273 3456 potuisse
1297 3359 1361 3434 itta
1388 3379 1428 3436 ut
1456 3383 1687 3463 noruntque
1714 3388 1736 3438 a
1762 3385 1820 3436 ee·

426 3491 512 3570 teris
538 3485 691 3576 seiunda
717 3483 1016 3560 Humilietorum
1039 3483 1174 3560 domus
1197 3481 1345 3564 baberi.
1373 3483 1484 3564 Hanc
1508 3511 1655 3586 quoque
1683 3488 1729 3562 ad
1756 3511 1820 3563 ex·

418 3631 544 3692 trema
571 3606 681 3709 usque
708 3631 873 3706 tempora
899 3606 1099 3686 Humiliati
1128 3601 1339 3689 servarunt.
1366 3611 1470 3691 Illius
1494 3611 1626 3688 deinde
1653 3615 1818 3692 redditus

423 3735 631 3818 Parocbiali
653 3733 824 3833 Paganici
845 3729 1012 3808 Ecclefiae
1032 3731 1196 3808 attributi
1210 3729 1318 3810 sunt.
1339 3733 1592 3813 locurum
1608 3734 1815 3850 MDthq

422 3863 620 3946 Aretinam
648 3860 758 3936 etiam
784 3858 821 3936 S.
848 3857 1029 3936 Bernatdi
1056 3857 1215 3936 domum
1249 3860 1346 3934 inter
1371 3863 1649 3940 commendatas
1678 3893 1813 3946 nume·

417 3987 492 4071 rari
522 3989 652 4076 video,
684 3981 785 4076 eujus
817 3984 1029 4058 auctoritate
1061 3977 1173 4056 fretus
1206 3983 1375 4060 eamdem
1404 3993 1717 4070 commemoravit
1751 3991 1797 4069 et

415 4111 655 4189 Sormennus
680 4109 750 4199 (b).
788 4109 859 4187 Sed
885 4131 970 4183 cum
997 4101 1176 4204 nusquam
1202 4109 1289 4183 alias
1316 4105 1516 4184 Humiliati
1545 4113 1689 4194 Aretini
1718 4080 1817 4194 indif.

412 4257 579 4331 ¹centur,
614 4236 803 4316 cerriffime
841 4234 996 4311 arbitror
1030 4231 1206 4310 Domum
1243 4231 1282 4304 de
1318 4233 1435 4308 Aratio
1467 4257 1651 4340 corrupte.
1671 4269 1739 4340 pro
1776 4249 1815 4322 de

1690 4379 1763 4442 Re.

490 4565 538 4642 (a)
556 4567 636 4642 Gigli
654 4565 758 4630 Dianio
775 4561 874 4630 Sauese
892 4569 923 4629 Ρ.
942 4569 980 4630 is.
999 4587 1059 4648 pag.
1082 4575 1143 4642 675.

499 4665 540 4744 0)
559 4668 632 4730 Stet.
650 4667 723 4742 degli
743 4667 833 4735 Until.
848 4687 913 4746 pig.
932 4687 993 4734 rte.
