4028 5492
424 535 1337 620 Annorrrtorrrsusrstosauarn.
1460 555 1529 629 291

188 655 380 734 venientes
407 661 446 736 in
473 687 618 758 sununs,
638 664 792 764 Spiritus
805 667 929 748 Santii
955 671 1070 766 gratia
1098 670 1293 758 luvocata,
1321 679 1428 761 prout
1455 661 1498 734 rd
1520 679 1585 734 ⁶0⁸

188 783 375 879 pertinet,
401 784 573 866 diletlutn
601 789 721 868 filiurn
746 789 898 873 Petrurn
917 790 1138 892 Magistrum
1166 789 1272 888 lpsrus
1293 787 1471 878 Ordinis,
1498 803 1587 862 ¹³⁰⁰

185 903 432 1009 Praepofitum
466 914 599 989 domus
625 917 661 995 S.
687 914 795 998 Lucre
819 917 1019 1002 Brixiensrs
1057 917 1141 998 diui
1171 913 1325 996 Ordinis
1352 967 1363 1012 ,
1402 913 1439 990 in
1466 907 1589 1006 Magl-

185 1030 302 1112 llrunr
328 1037 410 1114 diui
437 1035 587 1117 Ordinis
620 1051 798 1122 canonice
836 1049 874 1126 Gt
910 1047 1142 1126 concorditer
1178 1047 1404 1142 elegerunt}
1447 1032 1587 1132 ¹²0sl²¹⁰

188 1159 451 1255 praesentatam
479 1163 586 1244 nobis
611 1167 829 1245 eledilonem
857 1167 1104 1260 hujusmodi,
1141 1166 1226 1270 qula
1260 1187 1344 1248 eam
1372 1163 1590 1238 invenimur

188 1284 239 1358 sle
264 1283 418 1380 persona
445 1289 580 1366 idonea
605 1293 785 1370 canonice
807 1294 1051 1386 celebratam,
1077 1292 1122 1371 de
1149 1285 1307 1368 fratrum
1333 1269 1492 1366 co‘nsuto
1518 1285 1587 1360 du·

186 1411 311 1486 ximus
336 1405 668 1511 confirmandam,
706 1417 914 1518 supplentes
939 1418 1157 1514 desertum,
1195 1417 1328 1524 saquis
1358 1415 1397 1492 in
1424 1437 1466 1494 ea
1493 1410 1590 1505 suits

181 1534 231 1612 tle
257 1533 462 1633 apollodoro
489 1537 719 1631 plenitudine
747 1545 953 1643 poteliatis,
981 1541 1088 1626 firma
1109 1563 1287 1641 concepta
1309 1539 1465 1637 fidutia,
1486 1541 1587 1640 qnod

184 1683 251 1758 per
278 1658 495 1738 industriam
522 1661 632 1764 tpfius
658 1663 823 1767 Mugillri
838 1724 850 1763 ,
877 1671 966 1770 qui,
994 1687 1104 1767 prout
1130 1671 1358 1764 accepimus,
1384 1665 1435 1746 stt
1459 1665 1591 1748 disere*

186 1801 250 1860 tus
276 1809 316 1860 ac
342 1787 536 1886 providus,
561 1817 603 1869 ac
629 1792 668 1868 in
699 1791 940 1889 spiritualibus
966 1791 1277 1891 &temporalibus
1289 1789 1593 1888 circumspeilttt,

190 1911 381 2008 praedidlus
403 1913 509 1991 Ordo
536 1917 660 1993 divina
687 1914 836 1998 fauente
862 1920 1059 1998 clementia
1085 1917 1127 1996 ln
1153 1915 1286 1996 ilatum
1314 1912 1438 1997 salutis
1457 1910 1594 2018 dirigi,

187 2041 227 2115 dt
253 2037 500 2153 inprosperis
525 2043 654 2120 debeat
692 2044 883 2142 ampliari.
924 2041 1116 2140 Rogamus
1154 2043 1277 2142 itaque
1315 2037 1627 2122 universitatem·

189 2157 352 2236 vestram
377 2165 414 2240 dt
441 2163 636 2246 hortamur
661 2181 835 2259 attente,
874 2188 935 2264 per
968 2163 1164 2266 apostoliea
1192 2163 1295 2242 robis
1330 2162 1458 2266 scripta
1486 2187 1595 2246 mart.

187 2289 346 2383 dantes,
372 2309 555 2388 quatenus
579 2293 737 2368 eundern
753 2289 972 2390 Magistrum
999 2292 1239 2378 admittentes
1267 2287 1435 2367 hilariter
1461 2292 1497 2367 dt
1523 2287 1597 2370 bo·

193 2411 350 2493 norifice
377 2413 666 2513 pertraditum,
704 2413 770 2492 sibi
808 2437 1000 2514 tamquam
1029 2417 1119 2518 patri
1152 2419 1191 2496 ὰ
1219 2411 1349 2512 pallori
1376 2413 1592 2495 animarum

188 2537 426 2633 velitatum,
466 2539 687 2637 impendatis
715 2537 963 2618 obedientiam
1001 2543 1041 2616 dt
1067 2540 1312 2618 reverentiam
1337 2537 1527 2638 debitam,
1554 2563 1598 2620 ac

188 2661 269 2755 ejus
296 2660 496 2742 salubribus
521 2662 704 2742 mandatis
732 2687 772 2740 ac
794 2665 950 2742 rnouitis
973 2660 1166 2745 efficaciter
1188 2663 1412 2762 intendatis,
1426 2665 1476 2742 lta
1496 2661 1599 2768 quod

189 2787 268 2889 ipse
295 2791 334 2866 in
364 2788 468 2868 robis
493 2787 705 2864 devotionis
731 2787 851 2886 filios,
877 2795 914 2870 bt
935 2815 1001 2872 ros
1020 2787 1286 2892 consequenter
1312 2787 1353 2864 ln
1376 2811 1425 2864 eo
1450 2805 1594 2886 patrem

196 2911 380 2989 invenisse
400 2909 624 2990 benevolum
646 2912 857 3008 gaude'atis.
885 2899 1342 3015 Alioqutn'senrenrtsm,
1361 2939 1471 3020 quarn
1494 2915 1596 2996 idem

191 3053 343 3139 propter
368 3035 442 3116 hoc
469 3038 538 3114 rite
566 3035 694 3115 tulerit
724 3038 766 3116 in
794 3039 977 3136 rebelles,
1014 3057 1132 3118 ratam
1160 3038 1403 3136 habebimus,
1428 3042 1466 3122 st
1490 3035 1601 3120 facie·

193 3187 307 3256 mus,
333 3162 479 3240 autore
504 3157 713 3258 Domino,
738 3159 849 3264 usque
875 3165 922 3240 ad
948 3159 1231 3242 latislailionem
1256 3163 1514 3259 condignam,
1538 3184 1602 3264 ap·

192 3289 396 3393 pellatione
421 3305 592 3380 remota,
612 3287 880 3375 inuiolabiliter
905 3289 1116 3398 observari.
1150 3283 1242 3366 Dar.
1257 3287 1411 3369 Viterbii
1436 3288 1602 3370 decimo·

199 3417 315 3496 tertio
337 3410 422 3492 Cal.
449 3407 537 3513 Jun.
563 3409 806 3492 Pontificatus
833 3411 946 3493 nollri
972 3439 1082 3521 anno
1106 3433 1264 3522 quarto.

195 3603 508 3736 Privileginna
542 3599 801 3706 Alexandri
831 3607 918 3709 IV.
937 3675 951 3726 ‚
983 3603 1098 3710 licut
1132 3609 1314 3709 Fratres
1349 3599 1602 3706 Humillati

283 3763 334 3866 in
356 3763 561 3868 Ciuitate
582 3758 926 3866 Mediolanensi
958 3762 1019 3866 δί
1039 3763 1228 3866 Diocesr
1249 3767 1517 3868 Romanurn

527 3921 759 4104 Officium
791 3926 1021 4033 celebrare
1070 3925 1277 4029 debent.

649 4151 728 4212 trel,
747 4165 792 4208 aas
810 4144 952 4234 Majltfltt
973 4143 1048 4208 Cod.
1064 4144 1159 4210 Pullo

358 4291 553 4372 Lexanrler
572 4289 770 4395 Episcopus
793 4297 926 4380 Servus
950 4299 1152 4378 Servorum
1167 4293 1243 4374 Dei
1268 4291 1403 4374 dlleslo
1428 4285 1608 4374 fitteris·

197 4291 350 4626 Α
384 4417 498 4518 gistro
531 4413 686 4495 Ordinis
709 4420 1013 4501 Humiliatoruna
1053 4419 1253 4516 salutem,
1289 4423 1327 4498 bt
1351 4417 1607 4518 Apottotrean

383 4545 706 4629 benedictionem.
728 4549 867 4633 Diteut
894 4547 960 4628 filii
976 4546 1167 4646 Praepositi
1189 4551 1230 4630 dt
1248 4545 1395 4630 Fratres
1419 4547 1474 4630 tui
1494 4543 1608 4628 Ordi·

916 4675 1006 4758 Oo
1056 4699 1081 4758 2
1497 4676 1559 4763 ult
