4008 5494
422 536 1337 625 Annocarrosransiscamari.
1453 559 1525 642 3⁰1

172 655 452 762 ,infrascriptam
480 665 690 764 approbavit
717 673 754 750 dr
779 670 1032 748 corroboravit
1058 674 1251 750 eamdem.
1286 667 1403 761 Cujus
1428 663 1581 744 unionis

175 787 243 866 srbi
272 786 494 886 praesentata
523 813 633 872 tenor
660 797 742 872 talis
766 793 841 873 cst.
868 795 915 872 In
941 797 1112 876 Nomine
1125 795 1325 876 Domini·-
1352 795 1472 870 Anno
1493 789 1579 866 Do·

172 915 323 1014 minicae
343 915 617 994 Incarnationis
642 917 844 1002 millesimo
869 920 1123 999 ducentesimo
1150 913 1420 1019 septuagesimo
1445 914 1573 990 secun·

148 1041 250 1137 ”do,
273 1043 333 1120 die
353 1040 554 1132 Mercurii,
586 1042 689 1121 sexto
714 1047 882 1123 intrante
902 1045 1038 1152 Mense
1063 1049 1208 1148 Aprilis
1226 1042 1435 1120 Indidionc
1460 1039 1572 1138 quin·

163 1157 379 1247 'tarracina
403 1166 506 1246 Cum
525 1167 670 1244 Fratres
696 1173 733 1246 dt
753 1169 906 1246 Sorores
931 1169 1067 1248 domus
1087 1170 1387 1247 Humiliatorunr
1406 1164 1452 1242 de
1466 1161 1573 1240 atta-

170 1315 230 1368 no
257 1290 402 1370 secundi
425 1291 579 1371 Ordinis
604 1290 878 1390 disposuissent,
905 1295 1061 1370 crassata
1087 1293 1184 1370 inter
1212 1310 1404 1391 utramque
1430 1307 1575 1390 partem

168 1415 330 1514 habito,
356 1415 573 1508 jamdudum
600 1415 708 1494 unire
733 1416 798 1512 se,
824 1422 861 1497 dt
885 1417 1068 1516 domurn,
1093 1424 1130 1499 δι
1152 1441 1233 1512 res,
1253 1421 1290 1496 dt
1317 1417 1416 1493 bona
1439 1440 1574 1493 eorum

164 1543 301 1622 domui
331 1543 630 1622 Humiliatorum
662 1547 708 1622 de
734 1541 899 1644 Lagano
933 1543 1080 1622 sectandi
1104 1544 1293 1640 Ordinis,
1329 1567 1411 1643 quae
1435 1541 1572 1626 dicitur

162 1673 303 1756 domus
327 1670 463 1748 Fratris
486 1668 641 1750 Ortonis
666 1672 711 1748 de
738 1668 902 1768 Lngano
927 1674 1007 1768 (3),
1032 1675 1070 1748 dt
1108 1670 1154 1746 ad
1192 1667 1265 1745 hoc
1290 1665 1431 1746 effestui
1459 1691 1569 1746 marr·

161 1795 368 1892 cipandarn
395 1793 563 1895 speciales
590 1794 747 1872 sindicos
772 1800 808 1874 dt
835 1812 1089 1894 procuratores
1114 1783 1379 1871 constituissent
1399 1792 1568 1871 Fratrem

163 1919 409 1998 Ottobonum
436 1921 481 1998 de
506 1917 619 1997 Zeno
651 1921 697 1997 de
722 1921 853 1998 Cumis
891 1919 1036 1998 secundi
1060 1919 1215 1997 Ordinis
1238 1917 1564 2012 Humiliatorum,

159 2053 205 2130 &
230 2044 359 2124 fratres
380 2042 649 2142 Lpndnlphurn
675 2047 711 2120 dt
736 2039 980 2119 Lambertunr
1005 2039 1210 2120 confratres
1234 2040 1336 2115 dittae
1361 2039 1496 2115 domus
1521 2041 1568 2118 do

156 2173 344 2264 Astano,
383 2186 493 2269 prout
519 2159 713 2240 manifeste
738 2163 930 2262 apparebat
966 2189 1028 2262 per
1054 2164 1241 2266 publicum
1272 2161 1569 2271 instrumentum

158 2296 437 2398 procurationis
473 2291 536 2370 seu
570 2289 766 2368 findicatus
804 2289 979 2365 traditum
1017 2291 1054 2364 &
1082 2284 1252 2382 scriptum
1291 2275 1354 2382 per
1379 2287 1568 2390 Anticum

159 2424 370 2504 Notarium
409 2416 529 2494 fitium
570 2415 776 2514 quondam,
793 2409 991 2492 Lansranci
1011 2409 1171 2486 'Ferrarii
1207 2406 1254 2485 de
1277 2404 1568 2506 Dogomentia,

155 2551 223 2650 qui
249 2547 316 2634 siat
342 2547 486 2636 Runo,
510 2545 548 2620 dc
574 2539 650 2629 cjss
674 2555 805 2638 rogatu
830 2533 1004 2632 scriptum
1032 2555 1094 2628 per
1118 2533 1271 2614 Petram
1295 2532 1562 2612 Prestiaarium

155 2674 364 2756 Notarium
388 2672 435 2747 de
456 2666 623 2766 Lugano
649 2665 723 2740 hoc
748 2687 852 2738 anno
877 2662 938 2738 die
963 2659 1082 2736 Lunae
1109 2678 1243 2758 quarto
1269 2661 1430 2742 intrante
1453 2657 1563 2738 Men·

157 2795 193 2876 se
207 2798 371 2896 Aprilis,
398 2793 554 2893 praeditti
581 2789 710 2864 fratres
729 2783 972 2878 Ortobonus,
993 2782 1237 2877 Larnbertns,
1262 2787 1299 2862 ἂ
1320 2783 1564 2882 Landulphus

154 2951 226 3026 pro
256 2924 406 3022 negotio
430 2919 533 2996 diac
556 2913 714 2991 unionis
739 2908 910 2988 iaciendo
942 2911 986 2986 ad
1014 2911 1217 3008 praedictam
1244 2911 1403 2986 domurn
1425 2907 1564 2987 de·Lu-

147 3073 262 3148 gano
290 3044 535 3134 accesserunt,
559 3043 597 3116 dt
622 3053 855 3132 congregato
883 3033 1045 3130 capitulo
1072 3030 1181 3128 ipsius
1206 3032 1341 3110 domus
1366 3035 1411 3120 dc
1437 3033 1563 3134 Laga-

143 3202 205 3256 tro
238 3201 305 3271 pro
330 3171 408 3272 ipso
432 3165 528 3244 sasso
553 3160 805 3258 complendo,
826 3159 960 3259 inquo
983 3155 1143 3254 capitulo
1164 3155 1315 3234 aderant
1338 3153 1562 3238 sraterOtto

149 3303 332 3382 Praelatus
355 3293 464 3394 ipsrtrs
489 3291 649 3380 domus,
675 3291 713 3364 dt
730 3309 825 3362 cum
851 3308 897 3358 eo
926 3280 1039 3358 frater
1066 3277 1222 3376 Jacobus
1254 3283 1299 3357 de
1326 3283 1457 3380 Capite
1487 3282 1562 3360 La·

153 3453 243 3520 cus,
271 3410 852 3510 FrateriAntoniueraraspina,
876 3407 1000 3484 Frater
1013 3403 1169 3504 Jacobus
1181 3406 1457 3484 Maliacaballus
1481 3415 1560 3507 (4),

151 3551 269 3634 srates
294 3543 485 3644 Hospintrs
510 3542 554 3616 de
581 3539 782 3616 Pocobelio
810 3559 943 3610 ornnes
962 3531 1180 3611 Confratres
1205 3531 1313 3633 ipsius
1333 3531 1485 3612 Domus
1506 3538 1554 3616 de
1611 3596 1618 3612 .

151 3678 343 3777 lagano,
368 3675 406 3750 &
431 3671 545 3750 Soror
571 3666 761 3758 soldana,
785 3665 823 3740 δι
845 3661 962 3735 Soror
982 3657 1227 3750 Benrenura,
1253 3658 1418 3736 &Soror
1445 3659 1553 3736 Mar·

151 3792 295 3902 garire,
320 3803 356 3878 dt
383 3796 499 3876 Soros
522 3791 757 3882 Volontera,
782 3789 821 3862 dt
846 3782 960 3860 Soror
980 3781 1101 3874 Flos,
1136 3785 1174 3858 dt
1199 3781 1314 3856 Soror
1338 3781 1550 3876 Caracosa,

792 3943 796 3951 ²
1433 3909 1502 3990 So·

157 4069 1546 4124 Μ*-

189 4190 301 4265 tranas
322 4187 496 4249 vartarctre.
514 4185 598 4246 stura
613 4182 647 4244 da
664 4177 831 4240 Raimsrndo
868 4175 911 4247 (r)
927 4172 966 4232 V.
985 4169 1042 4243 sup.
1060 4185 1122 4243 pag.
1141 4189 1183 4238 ιο.

187 4285 428 4356 Masinissenses,
450 4303 482 4344 ac
501 4283 728 4346 Novocomenses
745 4278 825 4347 huius
862 4279 905 4354 (a)
922 4268 1021 4330 Gentis
1045 4287 1167 4337 nornen,
1193 4269 1264 4344 quod
1290 4269 1407 4341 deinde,
1427 4283 1458 4328 ur
1476 4268 1555 4332 ride·

186 4395 274 4458 cratis
300 4389 443 4460 historici,
470 4407 503 4448 ae
526 4388 673 4462 prasertim
697 4386 743 4447 ct.
753 4387 785 4447 P.
801 4384 836 4444 de
910 4395 954 4440 rur
972 4419 982 4450 ,
1003 4381 1035 4436 in
1064 4371 1305 4446 Magnaraebaslron
1328 4385 1465 4431 morarum
1489 4371 1550 4440 est,

192 4495 303 4555 Rubeis
323 4493 355 4552 ia
378 4487 564 4552 marnatis
586 4483 711 4545 Fccleiiae
746 4487 838 4560 Aqui·
912 4498 968 4554 qno
982 4481 1094 4538 nornine
1108 4493 1173 4550 gens
1190 4475 1285 4534 eadesn
1300 4471 1388 4534 ittae
1405 4473 1553 4550 apsta·

195 4593 322 4665 ltitnfit·
734 4582 736 4588 ’
833 4575 836 4580 ’
912 4573 1085 4644 rotonenses
1102 4571 1203 4663 slorpra
1447 4587 1450 4594 ·
