4020 5490
485 527 560 632 398
717 475 1563 612 Huartrrroruruoauaea'n

448 676 621 732 mentum
648 653 822 736 exhibere
846 659 885 732 dt
911 650 1028 730 facere
1054 671 1139 731 roto
1167 649 1290 750 polle;
1314 657 1352 730 dr
1380 652 1407 730 sr
1433 707 1444 728 .
1470 705 1480 726 .
1505 705 1552 730 ..
1582 708 1592 728 .
1620 648 1689 730 luit
1715 649 1853 728 dealt·

448 807 526 882 quo
549 783 793 882 gravamine,
817 783 928 884 quod.
946 805 1027 858 non
1052 783 1195 876 credit,
1218 777 1329 858 offert
1356 779 1392 858 se
1418 801 1584 880 paratum
1609 781 1796 880 corrigere
1819 782 1856 858 dt

449 941 651 1012 revocare,
689 914 849 994 cousrlio
875 913 1048 1014 sapientis
1073 921 1132 994 vel
1160 917 1392 1015 sapientum
1430 918 1594 1018 &quod
1621 939 1704 992 norr
1734 917 1856 1012 potuit

450 1073 521 1128 nec
547 1041 664 1146 potest
689 1045 884 1142 procedere
909 1045 955 1121 ad
979 1045 1204 1123 inllantiam'
1222 1045 1310 1122 diui
1336 1043 1394 1123 Fr.
1421 1049 1581 1140 Iacobi,
1620 1067 1691 1124 oto
1714 1041 1855 1136 Procu-

450 1197 618 1256 ratomm
645 1228 659 1269 ,
697 1193 766 1253 nec
788 1169 1029 1252 Sindicorum
1054 1169 1256 1266 eiusdem,
1296 1195 1364 1248 nec
1386 1172 1473 1252 diui
1499 1170 1690 1264 Ordinis,
1725 1189 1859 1260 contre

451 1301 612 1408 prefatos
646 1299 716 1380 FF.
744 1301 1006 1384 Guilielmum
1034 1277 1210 1400 ribam,
1250 1302 1505 1388 Lanfrautum
1544 1305 1792 1398 Peluelrum,
1824 1309 1863 1384 dt

449 1435 605 1514 Balzaim
631 1429 803 1524 Cutr'im,
836 1426 904 1510 uc.
944 1430 1172 1512 obstantibus
1213 1433 1524 1533 appellationibus
1561 1428 1790 1530 interpolitis
1826 1435 1864 1512 dt

451 1559 653 1646 interdidlir
685 1583 734 1635 ex
767 1578 868 1658 parte
905 1561 1153 1655 predictorum
1177 1557 1250 1636 FF.
1276 1562 1313 1638 dt
1341 1557 1526 1638 sociorum
1552 1556 1616 1640 seu
1642 1575 1859 1656 procurato·

454 1710 540 1762 rum
565 1707 701 1762 eorum
725 1683 773 1760 ad
797 1683 835 1760 S.
858 1681 994 1760 Sedent
1019 1683 1274 1783 Apostolicam
1294 1706 1306 1775 3
1326 1688 1366 1764 dt
1388 1683 1558 1782 quamvis
1577 1684 1677 1762 dista
1692 1689 1861 1783 'appella-

451 1811 536 1904 tio,
561 1807 590 1886 ir
617 1813 815 1909 appellatio
840 1813 914 1888 dici
941 1809 1082 1908 potest,
1109 1833 1156 1886 ex
1180 1806 1340 1886 frivollis
1372 1813 1410 1890 dt
1437 1807 1582 1901 iniustis
1603 1809 1720 1895 oaufis
1745 1813 1863 1893 inter·

453 1935 573 2035 posrta
600 1933 679 2030 srt,
712 1956 841 2013 tamen
864 1934 917 2014 ob
941 1934 1190 2010 reverentiam
1213 1934 1253 2010 S.
1279 1933 1382 2013 Sedis
1406 1934 1642 2036 Apostoliae,
1677 1937 1769 2016 diue
1796 1965 1862 2038 ap·

456 2063 655 2162 pellationi
679 2059 834 2161 defert,
874 2083 942 2142 vot
967 2060 1196 2138 remittendo
1222 2058 1268 2136 ad
1293 2083 1451 2138 examen
1476 2062 1571 2140 diue
1595 2061 1633 2141 S.
1657 2063 1788 2160 Sedis3
1821 2071 1862 2154 dt

351 2292 355 2297 .
453 2191 555 2267 lranc
581 2187 860 2287 responsionem
886 2181 1046 2286 prefatus
1071 2184 1125 2264 D.
1151 2185 1362 2266 Fredericus
1386 2185 1558 2264 vicarius
1582 2187 1683 2266 dedit
1707 2193 1745 2269 dr
1769 2191 1860 2288 det,

450 2321 491 2397 δι
515 2316 700 2411 tradidit,
735 2319 773 2394 ὅ(
797 2315 907 2392 tradit
931 2337 999 2413 pro
1026 2309 1214 2410 Apostolir
1239 2315 1277 2392 dt
1301 2309 1453 2390 Litteris
1476 2311 1775 2392 dimifforlalibus
1800 2315 1857 2392 Fr.

452 2443 626 2524 Maffiolo
655 2438 831 2535 Kaprolo
869 2433 1025 2538 profess'o
1062 2434 1217 2514 Domus
1249 2435 1549 2519 Humiliatorunt
1587 2437 1628 2523 S·
1652 2435 1856 2536 Karimertt,

454 2566 692 2658 Mediolani,
718 2563 873 2640 Sindico
889 2565 1080 2642 didiorum
1107 2559 1161 2638 D.
1184 2558 1245 2637 Fr.
1268 2559 1397 2659 Jacobi
1422 2567 1460 2644 dt
1484 2561 1667 2662 Ordinis,
1691 2593 1756 2666 per
1778 2591 1859 2646 oar·

453 2709 534 2769 tarn
559 2708 734 2788 rogatam
761 2711 824 2787 per
848 2688 1178 2768 Bartolommeum
1216 2683 1357 2782 Joarro.
1393 2687 1439 2766 de
1467 2687 1613 2766 Valotis
1651 2690 1858 2768 Notarium

452 2817 680 2916 Pergameo.
713 2815 774 2892 die
809 2813 876 2890 IV.
902 2813 1064 2892 intrante
1088 2811 1298 2890 Novembri
1335 2815 1507 2914 proxime
1544 2816 1742 2913 preterito.
1780 2813 1858 2913 er

454 2944 514 3024 Fr.
537 2941 726 3024 Maffinlur'
749 2943 849 3019 dido
875 2941 1036 3018 nomine
1059 2939 1188 3034 dixit,
1225 2942 1263 3018 dt
1289 2939 1506 3038 protestatur
1542 2939 1615 3020 luit
1645 2945 1751 3045 quod
1781 2967 1861 3022 noa

436 3069 643 3152 ..consentit
668 3072 709 3147 ln
729 3067 871 3148 diuum
895 3063 950 3144 D.
974 3061 1246 3162 fredericum,
1280 3081 1323 3144 ut
1355 3065 1398 3144 in
1423 3063 1532 3146 suurn
1555 3063 1728 3166 Judireru
1754 3093 1859 3150 corn·

449 3219 669 3302 petentem.

570 3357 723 3514 aratra
756 3421 823 3512 ra.
857 3419 1015 3510 amar
1050 3419 1094 3508 aa
1127 3420 1757 3538 nortamptoniam
1845 3475 1850 3485 «

659 3581 662 3588 ’
888 3581 929 3668 S.
965 3581 1242 3672 Bartholomai
1274 3583 1450 3700 Bergan.

768 3807 864 3896 rw.
885 3812 909 3850 r.
927 3788 1073 3870 Febr-,Ea
1090 3787 1194 3854 Tabul.
1209 3787 1344 3854 cathedr.
1361 3737 1538 3882 Berpomenl.

608 3955 705 4038 lino
735 3973 845 4054 1342.
868 3955 931 4033 die
957 3952 1056 4032 Call.
1084 3951 1270 4034 Februarii
1299 3953 1337 4036 in
1362 3952 1498 4034 Choro
1521 3951 1680 4036 Ecrlelie
1706 3955 1859 4046 Sando-

459 3976 595 4278 Α
634 4109 719 4164 rum
747 4083 869 4163 Marie
893 4087 932 4160 dt
958 4079 1188 4162 Bartolomei
1227 4081 1269 4158 lrr
1308 4099 1415 4177 prato
1440 4079 1662 4182 Pergamon.
1689 4080 1864 4184 presenti.

634 4213 702 4287 bus
727 4209 795 4295 &u
824 4207 972 4289 restibus
997 4216 1162 4310 rogarit.
1190 4211 1432 4292 Venerabiles
1457 4214 1522 4295 viri
1537 4213 1702 4294 Domini
1717 4215 1861 4317 Johart·

457 4365 522 4419 nes
546 4340 591 4419 de
619 4337 792 4417 Alsonlca
820 4335 1028 4435 Preposrtus
1053 4335 1212 4416 Ecclelie
1239 4335 1458 4436 Pergameo.
1492 4336 1559 4418 suo
1596 4343 1758 4426 &diue
1786 4343 1858 4423 Ee·

455 4465 562 4546 clesre
590 4466 785 4559 nomine,
821 4461 1028 4542 Guidottus
1058 4465 1107 4543 de
1133 4463 1169 4546 la
1195 4463 1328 4544 Crotta
1356 4463 1686 4563 Archipreabiter,
1725 4467 1862 4550 Simon

453 4597 503 4673 de
527 4592 703 4688 Muzzo,
740 4587 952 4674 Frrdoricur
977 4591 1025 4672 de
1049 4589 1235 4694 Gargonii
1259 4645 1272 4688 ,
1310 4584 1539 4672 laniuntur
1561 4589 1609 4674 do
1633 4587 1858 4694 Trelourio,

1743 4726 1811 4802 Ar-
