4008 5494
448 535 525 613 294
670 513 1518 600 Hutsttresotturr'Monu-ntettta

402 639 502 714 delle
522 639 756 738 noscuntur,
795 643 903 722 tando
928 644 1163 724 ¹serenitatem
1199 648 1340 743 regiam
1370 649 1575 726 invitamus
1598 647 1805 740 libentius,

400 788 547 866 quanto
575 768 697 848 nostra
723 774 946 872 beneplacita
972 773 1075 878 super
1102 779 1144 852 iis
1171 801 1191 852 a
1219 795 1254 854 te
1280 777 1413 878 absque
1437 781 1628 870 cujuslibet
1649 771 1811 858 difficul-

406 897 488 973 tatis
513 899 615 974 obice
639 901 822 980 credimus
847 897 1025 978 efficacius
1049 904 1262 999 adimpleri.
1301 904 1402 982 Cum
1431 907 1553 1006 itaque
1584 908 1704 982 dilesti
1731 905 1806 982 filii

407 1029 580 1127 magister
603 1016 642 1107 de
667 1027 795 1106 sta'tres
820 1033 973 1110 ordinis
989 1033 1274 1112 humiliatorum
1300 1033 1395 1132 apud
1418 1032 1547 1112 Deum
1570 1020 1814 1111 &homines

406 1155 481 1235 sin‘t
502 1155 671 1253 ipsorum
697 1157 932 1252 exigentibus
958 1160 1099 1238 meritis
1122 1157 1293 1258 gratiosa,
1320 1163 1356 1242 dt
1383 1177 1530 1256 propter
1554 1183 1690 1236 eorum
1717 1183 1814 1236 con·

405 1283 653 1364 versationem
678 1281 929 1378 laudabilem,
952 1309 996 1361 ur
1021 1306 1106 1382 pote
1131 1285 1194 1386 qui
1219 1285 1374 1381 propriis
1402 1267 1573 1362 manibus
1598 1267 1815 1361 laborando

407 1409 487 1486 fine
510 1411 673 1484 aliorum
691 1412 802 1485 tedio
828 1411 968 1484 sisium
994 1427 1186 1508 querunt,
1219 1404 1461 1486 eleemofinas
1486 1406 1688 1500 tribuunt,
1722 1408 1820 1483 reci·

410 1537 517 1633 pinna
542 1533 730 1631 hospites,
756 1534 1005 1630 &predicant
1032 1534 1185 1610 verbnm
1213 1529 1315 1624 Dei,
1350 1532 1392 1608 in
1419 1531 1605 1628 provincia
1631 1529 1820 1608 Lombat·

406 1663 466 1736 die
493 1657 717 1757 potissimum
740 1658 917 1752 dilatati,
956 1659 1130 1735 eumdem
1159 1657 1333 1736 ordinem
1359 1657 1509 1753 cupiant
1545 1655 1593 1730 ad
1619 1655 1813 1730 honorem

412 1785 576 1863 altissimi
602 1789 640 1860 dt
660 1782 822 1894 salutem
836 1785 1004 1864 fidelium
1030 1790 1072 1862 in
1096 1811 1211 1885 regno
1238 1807 1305 1863 tuo
1330 1789 1528 1885 ampliare,
1545 1785 1818 1862 excellentiam

411 1913 555 2008 regiam
581 1909 784 2007 rogamus,
809 1933 1038 2003 monemus,
1059 1915 1097 1991 dc
1118 1912 1314 1988 hortamur
1339 1929 1507 2005 attente,
1534 1935 1595 2010 pet
1615 1899 1822 2009 apostolica

412 2035 483 2114 tibi
510 2033 639 2134 scripta
665 2037 912 2127 mandantes,
933 2054 1117 2134 »quatenus
1142 2034 1226 2133 ipfis
1247 2041 1285 2117 dt
1307 2026 1440 2116 eorum
1467 2037 1612 2115 nuntiis
1636 2035 1682 2109 ad
1706 2037 1820 2132 plan·

415 2161 577 2240 tandum
610 2165 647 2240 dt
681 2157 962 2240 confovendum
1002 2162 1041 2236 in
1076 2173 1194 2258 regno
1229 2177 1300 2235 tuo
1335 2162 1512 2238 ordinem
1547 2157 1827 2259 supradictum,

418 2288 594 2389 quotiens
617 2285 723 2383 super
747 2285 822 2364 ltoc
850 2284 899 2361 ab
926 2283 982 2360 eis
1007 2282 1118 2360 fueris
1149 2281 1372 2383 requisitus,
1405 2301 1666 2381 opportunum
1693 2281 1828 2360 const-

415 2419 512 2494 lium
539 2419 576 2492 δι
599 2412 782 2490 auxilium
806 2409 997 2505 impendas
1021 2463 1033 2502 ,
1069 2409 1123 2482 ita
1141 2407 1246 2508 quod
1271 2407 1485 2499 hujusmodi
1507 2407 1647 2488 celestis
1670 2411 1823 2508 planta·

418 2545 475 2618 rio
502 2543 541 2615 in
570 2535 647 2634 ipso
669 2560 792 2631 regno
815 2536 971 2634 radicata
995 2535 1038 2608 in
1064 2533 1233 2608 novitate
1256 2529 1322 2608 sua
1346 2550 1415 2608 ruo
1431 2531 1588 2613 confota
1609 2531 1822 2612 ministerio

414 2673 456 2744 oc
482 2679 680 2762 propagata
701 2657 828 2738 satore
852 2657 899 2734 ad
925 2656 1074 2734 laudem
1098 2655 1175 2732 Dei
1199 2660 1241 2734 dc
1262 2654 1465 2753 prosesium
1489 2659 1616 2760 populi
1635 2657 1824 2737 Christia-

414 2791 454 2864 ni
483 2785 682 2866 salubribus
708 2782 875 2882 proficiat
901 2773 1167 2876 incrementis,
1185 2781 1321 2880 trosque
1350 2804 1411 2880 per
1437 2782 1512 2860 hoc
1534 2787 1652 2862 citam
1678 2811 1828 2868 merea·

419 2917 517 2992 mini
544 2913 830 3009 sempiternam,
855 2908 947 2988 Dat
968 2909 1149 3010 Anagnie
1168 2907 1267 2987 ldib.
1287 2907 1474 2988 Novemb.
1493 2909 1731 3010 pontificatus
1756 2937 1834 2994 no-

423 3037 487 3116 llri
510 3061 619 3116 anno
643 3056 800 3134 quarto,

521 3163 594 3264 Sig.
615 3159 657 3234 de
679 3181 794 3236 more.

1033 3877 1036 3884 ,
1699 3803 1778 3876 Hu-

432 3905 1820 3938 w

465 3982 540 4042 inter
555 3977 673 4040 santius
686 3973 782 4047 postea
795 3973 917 4032 relatus.
935 3967 1002 4028 Nec
1016 3985 1102 4042 porto
1170 3969 1338 4031 diversitate
1360 3971 1536 4044 immutatis,
1551 3973 1673 4046 nactura
1687 3976 1738 4036 die
1760 3979 1833 4038 Ale·

470 4077 697 4155 optnttuniorem
718 4071 838 4130 *nancisei
847 4083 959 4143 poterat
977 4070 1102 4129 Alexan·
1170 4069 1280 4132 scendet
1293 4069 1529 4147 ,irruenti-opu.
1547 4073 1702 4148 Episcopi,
1714 4077 1834 4140 &eliu

453 4179 525 4246 der,
550 4191 582 4234 nr
600 4169 776 4232 Humiliaros
799 4168 832 4224 io
848 4165 973 4224 Galliena
988 4167 1103 4228 iuduce-
1172 4169 1356 4242 Ettiefierrurr
1368 4171 1488 4238 melasio
1495 4171 1590 4232 dedit.
1607 4172 1758 4234 Servantur
1771 4175 1834 4234 m·

452 4299 516 4346 m.
540 4281 724 4352 Quacumque
746 4287 844 4332 tameo
871 4270 905 4330 de
928 4271 1039 4343 mulla,
1061 4289 1104 4334 ret
1173 4275 1262 4340 etiem
1280 4274 1311 4334 ln
1328 4271 1502 4336 Bibliotheca
1527 4277 1649 4348 nostres
1670 4277 1721 4338 sed
1736 4276 1838 4352 supar-

454 4385 537 4446 ertitu
552 4377 664 4444 caruit.
678 4388 712 4430 ur
729 4371 789 4442 sup.
811 4387 874 4442 pag.
886 4369 1094 4436 iratissimus.
1165 4389 1318 4435 erraneam
1336 4375 1466 4436 duximus
1480 4373 1557 4438 idem
1571 4373 1634 4438 sere
1657 4395 1832 4442 montinet-

458 4480 574 4541 Eafdem
596 4469 789 4546 ponol'teras
805 4465 901 4526 iisdem
933 4468 1023 4528 verbis
1042 4489 1110 4529 eon-
1178 4487 1242 4532 tum
1259 4472 1362 4535 iterun
1373 4471 1490 4534 afferre.
1667 4471 1668 4474 ’

451 4595 565 4653 aptae,
597 4567 827 4646 nasciturorum
853 4579 909 4639 pro
934 4567 1113 4640 personarunt
