4052 5486
499 523 579 606 nub
728 505 1613 618 Hnurttarouuulllouuueuru·

452 678 567 753 quem
594 663 630 737 dt
657 689 768 763 quam
797 665 882 740 dicit
910 661 1144 760 privilegium
1170 659 1222 735 cis
1250 683 1270 734 a
1297 659 1390 734 Sede
1422 653 1632 756 Apostolica
1660 649 1852 729 inductum

451 777 567 872 (sorta
594 785 811 876 indultum)
838 787 1047 866 faciendum
1074 781 1497 883 Diocesanis··Episcopis
1523 833 1722 856 ......
1747 779 1853 854 exhi-

451 903 565 985 beant
593 917 859 990 reverentiam.
887 913 1097 1022 specialiter
1116 929 1240 988 autem
1268 911 1468 990 sentencias
1490 907 1850 984 excommunicatio·

452 1035 574 1114 nis&
603 1037 789 1116 Ittrerdidii
819 1045 910 1117 latas
937 1040 981 1116 ab
1008 1037 1190 1138 Episcopo
1217 1043 1273 1114 vel
1301 1017 1638 1136 Cap'trul'oustenfi
1652 1085 1847 1116 ······

451 1157 551 1236 Item
581 1163 812 1259 privilegium
842 1165 888 1238 de
916 1189 994 1238 uon
1021 1165 1158 1261 dandis·
1177 1165 1330 1240 decimis
1352 1165 1397 1238 de
1424 1165 1529 1240 tert‘u
1555 1166 1593 1238 bt
1618 1157 1843 1272 pollitffioni·

449 1284 542 1377 bus,
571 1287 608 1359 in
636 1289 768 1386 quibus
791 1285 954 1364 Aliensis
979 1285 1140 1364 Ecctefia
1165 1291 1324 1366 decimas
1352 1291 1499 1386 percipit
1524 1283 1730 1382 exceptit'.
1759 1297 1809 1372 i.
1835 1331 1847 1360 .

447 1459 682 1484 .......
712 1409 870 1509 hicque
897 1434 916 1484 a
944 1409 1037 1488 Sede
1066 1413 1280 1510 Apoliolica
1314 1415 1460 1490 indubia
1485 1410 1540 1505 (f.
1564 1413 1731 1498 indulta)
1761 1413 1852 1488 stunt

448 1537 533 1627 eis,
575 1538 685 1611 nullo
711 1557 878 1632 tempore
904 1534 1178 1634 impetrabunt.
1217 1539 1268 1616 Et
1305 1539 1405 1616 stde
1442 1559 1566 1614 cetero
1606 1540 1854 1634 impetratum

449 1659 586 1754 sturit,
622 1681 684 1735 aut
710 1715 1020 1740 .........
1047 1689 1095 1741 eo
1121 1691 1202 1742 non
1228 1687 1404 1743 utentur.
1442 1661 1542 1738 Item
1577 1657 1605 1738 st
1631 1662 1854 1764 Capitulum

451 1786 607 1860 maioris
629 1785 787 1862 Eccleste
810 1787 974 1864 Aliensrs
1000 1791 1047 1866 ad
1071 1789 1222 1889 aliquod
1244 1789 1363 1866 funus
1393 1789 1439 1868 ad
1463 1792 1622 1870 domum
1650 1791 1855 1889 predistam

451 1907 528 1985 five
552 1907 752 1986 Ecclefiam
778 1967 787 1988 .
814 1969 824 1988 .
851 1921 881 1989 .'
889 1967 1049 1990 .....
1087 1913 1164 2023 line
1197 1914 1473 1992 contraditione
1498 1913 1678 1996 'fratrum
1694 1923 1859 2018 predide'

447 2033 592 2112 domuc
610 2039 780 2131 valeant,
806 2025 843 2116 u‘
871 2037 1004 2138 poffint
1026 2038 1174 2114 Missam
1201 2034 1382 2118 celebrare
1408 2043 1570 2138 ibidem,
1606 2051 1643 2126 dt
1670 2049 1849 2125 medieta-

331 2207 343 2217 -
448 2179 526 2240 tent
553 2161 790 2240 oblationum
817 2220 1053 2245 .......
1078 2163 1289 2243 Canonicis¹
1316 2171 1515 2267 placuerit.
1553 2171 1650 2248 Item
1689 2167 1847 2271 predidia

446 2287 583 2366 domm
607 2293 644 2366 bc
671 2287 797 2366 iratres
824 2291 872 2367 ibi
900 2313 1178 2368 commorantes
1213 2292 1373 2370 debeant
1405 2295 1492 2372 dare
1530 2299 1567 2375 dt
1600 2297 1742 2379 dabunt
1779 2329 1845 2381 an·

445 2418 592 2492 nuatim
620 2417 659 2488 in
687 2418 907 2514 Affumptione
931 2423 972 2490 Β.
996 2420 1152 2515 Virginis
1174 2416 1294 2493 Mau‘e
1326 2419 1469 2498 Astenli
1496 2419 1675 2513 Capitulo
1709 2429 1843 2508 libram
1856 2498 1863 2510 .,

442 2568 560 2618 unam
597 2537 734 2623 incensa
773 2539 877 2636 super
911 2543 1025 2617 altare
1061 2540 1225 2618 eiusdem
1251 2541 1440 2620 Rectene.
1479 2543 1647 2626 Precerea
1678 2549 1842 2629 Aliensis
1995 2541 1996 2546 Ν

443 2665 669 2766 Episcopus,
698 2665 769 2742 sure
795 2663 907 2763 aliqui
932 2715 1281 2744 ..........
1314 2670 1451 2748 debent
1476 2675 1598 2774 dicere
1633 2681 1690 2753 vel
1717 2677 1838 2757 secere
1995 2709 1996 2712 ¹

441 2794 481 2872 in
510 2792 581 2892 ipsa
606 2791 763 2882 Domo,
789 2785 1044 2866 uudesratres
1070 2789 1234 2868 eiusdem
1262 2797 1405 2890 gravari
1436 2795 1589 2897 possunt,
1620 2823 1680 2877 aut
1707 2828 1838 2880 eorum

441 2922 686 3016 Religionem
714 2917 769 2991 vel
791 2913 924 2993 Officia
953 2970 1152 2996 ......
1178 2943 1247 2994 nec
1265 2919 1428 3016 debent,
1451 2949 1538 3000 cum
1567 2927 1700 3022 poffint
1717 2933 1834 3008 etiam

442 3049 582 3149 aliquid
610 3051 785 3144 ungarie,
812 3047 869 3122 vel
898 3045 1140 3145 perangarie,
1167 3043 1228 3120 seu
1254 3048 1400 3122 ratione
1426 3051 1600 3147 cullede,
1628 3051 1699 3132 live
1725 3059 1834 3152 calle,

444 3195 507 3255 aut
537 3181 656 3277 aliqua
683 3225 952 3250 ........
980 3174 1126 3268 exigere
1159 3171 1204 3246 ab
1233 3171 1303 3270 ipsa
1331 3169 1481 3268 domo,
1509 3195 1577 3252 nec
1613 3195 1643 3256 a·
1669 3177 1836 3260 fratribus

443 3299 762 3374 commorantibus
790 3301 828 3373 in
855 3299 1008 3386 eadem3
1033 3301 1070 3374 bt
1093 3295 1130 3390 st
1147 3313 1340 3392 peterent,
1365 3301 1420 3376 illi
1447 3301 1492 3376 de
1514 3303 1586 3400 ipsa
1614 3297 1733 3384 domo
1756 3335 1839 3386 non

442 3443 642 3502 tencantur
666 3421 855 3498 occasrone
882 3421 1003 3518 aliqua
1032 3471 1191 3496 .....
1199 3469 1203 3477 ,
1219 3474 1452 3500 .......
1490 3433 1727 3527 contingeret
1756 3461 1835 3535 pre,

438 3554 573 3628 didam
600 3552 757 3625 domum
785 3552 822 3625 dc
848 3545 1048 3624 Ecclesiam
1075 3547 1257 3620 removeri
1294 3547 1340 3622 de
1378 3551 1464 3624 loco
1504 3555 1699 3654 predido,
1741 3579 1841 3636 terra

443 3681 507 3756 illa
535 3678 680 3752 reddeat
708 3677 753 3750 ad
778 3674 1066 3750 decimationem
1094 3668 1289 3770 antiquam
1326 3671 1414 3750 ficut
1445 3677 1566 3772 fuerat
1592 3701 1669 3758 anre
1695 3683 1836 3762 hediffi·

438 3807 653 3897 cerionem,
680 3809 716 3878 dt
745 3803 848 3875 liceat
878 3799 960 3896 ipsis
986 3795 1183 3891 lintribus,
1209 3803 1246 3877 bt
1275 3800 1408 3895 poffrnr
1437 3802 1632 3884 hedificare
1659 3811 1839 3905 domum,
1995 3807 1996 3854 ³

442 3936 479 4011 bt
507 3929 704 4007 Ecclesiam
732 3929 949 4027 ubicumque
978 3926 1163 4000 voluerint
1196 3945 1296 4002 extra
1332 3953 1462 4004 mures
1492 3930 1648 4009 civitatis
1674 3941 1746 4024 fine
1769 3967 1840 4015 con.
1995 4003 1996 4008 ,

442 4059 645 4136 tradidiioue
670 4059 706 4134 bt
732 4053 967 4153 requilitione
992 4047 1158 4147 Episcopi
1185 4047 1409 4156 &Capituli
1432 4055 1616 4135 Aliensis.
1646 4059 1748 4140 Infra
1778 4093 1840 4142 au·
1995 4135 1996 4146 ,

443 4205 519 4262 tem
543 4153 675 4258 muros
702 4177 871 4254 Civitatis
900 4197 976 4247 non
1004 4171 1138 4270 possunt
1164 4173 1363 4254 Ecclefiam
1392 4179 1594 4261 hedifficare
1614 4191 1684 4274 stne
1710 4191 1839 4290 Episcn·

437 4311 479 4412 pl
503 4312 559 4384 vel
585 4306 748 4402 Capituli
765 4296 924 4384 Aliensis
950 4299 1097 4373 licentia
1125 4297 1288 4396 speciali.
1314 4299 1492 4380 Domum
1523 4306 1647 4387 autem
1676 4315 1752 4392 line
1771 4317 1838 4393 Ec·
1995 4347 1996 4436 }

443 4435 548 4512 cleda
576 4429 709 4532 poffinr
735 4427 898 4514 habere,
937 4415 1078 4512 facete,
1104 4427 1140 4500 dt
1169 4421 1373 4503 bedifficare
1401 4430 1621 4535 ubicumque
1651 4443 1834 4520 voluerint

441 4557 521 4638 fine
549 4551 825 4636 contraditione
852 4545 1026 4624 alicuius.
1052 4545 1103 4626 Et
1129 4547 1205 4644 ita,
1231 4545 1320 4628 stcut
1349 4549 1509 4656 superius
1533 4561 1702 4641 ordinata
1728 4566 1836 4663 sunt,

1673 4693 1793 4788 predi·
