4052 5486
425 527 1333 610 Aunoracrotrrsnsratusrssrs.
1459 529 1535 607 181

186 653 244 732 nis
273 652 359 730 sunt
386 652 565 754 obsequiis
590 657 839 752 mancipatae,
879 681 959 756 qua
998 656 1124 754 palsrnr
1154 683 1326 758 pauperes
1365 659 1403 736 dt
1437 653 1595 754 peregri·

184 805 253 858 nos
275 779 504 858 transeuntes
529 780 732 876 recipiunt,
756 788 793 860 bs
814 785 864 858 eis
887 781 1074 863 necessaria
1097 784 1401 876 subministrant,
1424 780 1592 880 per-Lit-

184 925 281 986 teras
303 902 407 984 duxit
421 961 432 997 ,
446 904 533 982 srcut
553 911 590 984 &
610 907 753 985 casdem
779 910 1029 1006 inspeximus,
1057 913 1326 1009 providendum
1356 933 1402 985 ne
1424 934 1486 1006 per
1500 905 1588 1004 Epi·

182 1031 335 1132 scopum
362 1029 590 1108 Laudensem
619 1032 674 1108 tel
702 1032 920 1110 Commune
945 1035 1116 1114 Civitatis
1151 1055 1214 1112 aut
1243 1036 1352 1110 aliam
1379 1030 1585 1110 Personam

181 1183 252 1256 pro
278 1155 443 1257 expenfis
468 1162 637 1254 exigatur
663 1161 799 1260 aliquid
827 1159 1061 1255 abeodem,
1100 1160 1283 1239 reservato
1321 1159 1386 1240 srbi
1421 1159 1461 1234 in
1488 1156 1583 1236 dicta

176 1279 339 1359 Ecclefia
367 1285 536 1378 praedidlo
560 1285 774 1382 Episcopo,
815 1287 862 1362 de
901 1283 1082 1368 consensu
1107 1288 1271 1384 Capituli
1307 1285 1395 1380 sni,
1435 1307 1584 1362 rantum

183 1411 294 1485 unius
316 1411 416 1486 librae
438 1433 583 1486 cereum
604 1411 803 1488 annuatim
818 1464 830 1503 ‚
848 1407 1176 1492 confirmationem
1191 1407 1475 1504 Praeposrtorum
1499 1409 1582 1486 suo·

175 1557 287 1628 rum,
316 1536 422 1609 nulla
450 1530 644 1608 tamenab
671 1533 722 1607 eis
748 1531 956 1608 obedientia
984 1531 1138 1631 praessira
1165 1535 1221 1609 vel
1250 1533 1387 1628 perita,
1413 1532 1577 1610 Clerico-

171 1685 259 1738 rum
286 1659 578 1748 Ordinationes3
603 1663 640 1736 dt
665 1659 765 1756 quod
792 1657 933 1736 Fratres
958 1662 1137 1738 extraneis
1163 1661 1209 1738 ad
1229 1659 1455 1759 Episcopum
1484 1685 1577 1737 cort·

168 1785 411 1888 querentibus
436 1787 474 1860 in
501 1785 578 1873 ejus
606 1781 791 1882 prasentia
819 1785 1118 1884 respondebunt,
1149 1783 1235 1864 ficut
1260 1787 1299 1862 in
1323 1784 1430 1883 lpfius
1447 1783 1577 1867 Eccle-

167 1913 230 1990 fiae
254 1911 459 2006 Privilegiis
493 1910 816 1989 &instrumentis
855 1913 1006 2011 publicis
1041 1911 1175 1988 dicitur
1210 1913 1417 1990 contineri.
1456 1909 1569 1992 Unde

162 2038 249 2118 Nos
273 2039 414 2114 devotis
443 2035 564 2114 vesicis
588 2035 883 2136 suplicationibus
911 2039 1082 2116 inclinati
1109 2063 1195 2138 qttae.
1216 2063 1278 2136 per
1303 2040 1476 2122 eumdem
1499 2041 1571 2120 Le-

163 2180 295 2262 gatum
322 2163 360 2237 bc
386 2159 610 2259 Episcopum
644 2161 702 2258 pie
741 2187 781 2237 ac
817 2160 965 2256 provide
1002 2157 1093 2235 fadla
1130 2160 1215 2236 sunt
1255 2164 1294 2236 in
1334 2165 1405 2240 hac
1444 2185 1569 2262 parte,

159 2284 396 2364 Austoritate
424 2285 637 2380 Apollolica
662 2282 953 2376 confirmamus,
980 2289 1016 2361 dt
1043 2283 1227 2382 praesentis
1252 2286 1380 2386 Scripti
1410 2296 1567 2386 patroci-

160 2414 233 2488 nio
267 2411 570 2488 communimus.
610 2408 718 2488 Nulli
758 2409 848 2508 ergit
885 2409 1047 2490 omninb
1080 2414 1283 2510 hominnm
1322 2416 1427 2496 liceat
1462 2420 1563 2500 hanc

157 2541 346 2641 Paginam
373 2539 517 2617 Nostro
544 2537 857 2618 confirmationis
884 2535 1109 2636 infringere,
1147 2541 1202 2616 vel
1229 2540 1263 2614 ei
1291 2539 1379 2618 ausu
1407 2561 1564 2620 temera·

157 2673 217 2747 rio
243 2669 449 2744 contraire.
489 2663 526 2741 Si
554 2665 634 2762 quis
661 2681 783 2736 autem
820 2663 894 2739 hoc
924 2683 1100 2740 attentare
1129 2661 1423 2764 presumpserit,
1464 2668 1560 2744 iudi·

155 2795 380 2891 gnationem
410 2787 695 2883 omnipotentis
721 2785 797 2862 Dei
832 2786 1095 2866 &Beatorum
1124 2787 1221 2863 Petri
1260 2789 1426 2868 &Pauli
1456 2799 1558 2891 Apo·

153 2919 336 2998 stolorum
365 2913 454 3004 Ejus
481 2910 514 2987 se
543 2911 688 2988 noverit
720 2907 970 2986 incursurum.
1010 2908 1154 2984 Datum
1177 2907 1352 2988 Laterani
1384 2913 1441 2990 18.
1470 2916 1551 2993 Cal.

149 3047 365 3139 februarii,
392 3039 634 3123 Pontificatus
659 3033 785 3114 Noliri
815 3035 934 3114 Anno
961 3053 1116 3136 quarto.

321 3367 471 3456 Litertc
506 3359 697 3474 Gregorii
734 3359 807 3444 IX.
841 3357 896 3446 ad
928 3353 1173 3440 Harniiiatos
1208 3349 1378 3458 eosdem.

593 3627 677 3690 Circa
694 3647 735 3689 an.
758 3651 834 3700 1231.
855 3628 901 3685 Ex
920 3623 990 3687 cod.
1014 3624 1105 3688 Purie.

277 3828 464 3923 Regorius
501 3815 701 3946 {spiscopus
733 3819 865 3895 Servus
892 3817 1089 3892 Servorum
1118 3812 1213 3890 Dei.
1252 3810 1406 3890 Dileclis
1434 3815 1535 3896 Filiis

145 3822 268 4068 G
302 3953 499 4050 Praeposito
536 3953 574 4024 ὅ(
600 3945 776 4041 Capitulo
812 3938 978 4015 Ecclcfiae
1011 3939 1198 4016 Omnium
1234 3939 1451 4016 Sandorum
1492 3943 1539 4016 dr

299 4056 445 4155 Fossato
466 4079 559 4154 Alto
585 4067 788 4149 Laudenfis
817 4067 1012 4157 Dioecesrs,
1039 4069 1205 4142 Salutem
1227 4072 1263 4145 bt
1280 4069 1533 4160 Apostolicam

140 4207 467 4286 Benedislionem.
503 4199 609 4298 Jusiis
635 4197 841 4297 petentium
867 4191 1049 4270 desideriis
1072 4195 1230 4288 dignum
1259 4191 1310 4268 est
1337 4191 1417 4270 Nos
1444 4193 1531 4270 saci·

138 4337 212 4410 lem
240 4332 397 4431 praebere
421 4323 663 4414 consensum,
690 4328 726 4399 bc
755 4343 838 4396 vota
867 4343 946 4418 quae
974 4345 993 4394 a
1021 4321 1173 4393 rationis
1200 4319 1346 4392 tramite
1373 4344 1448 4392 non
1476 4321 1530 4394 di·

140 4458 336 4546 scordant,
375 4449 503 4529 cffediu
530 4448 775 4546 consequente
801 4447 1008 4542 complere.
1049 4441 1283 4538 Eapropter,
1324 4443 1458 4518 Dilcsli
1489 4447 1530 4518 in

135 4585 311 4666 Domino
336 4581 453 4672 Filii,
491 4571 614 4653 vestris
640 4568 738 4659 justrs
767 4569 925 4669 precibus
952 4567 1147 4658 inclinati,
1174 4561 1375 4642 Ecclesiam
1403 4565 1523 4640 Sauli.

1365 4691 1483 4769 Geor·
