4032 5482
484 485 534 591 84
573 581 578 589 ,
714 492 1046 602 Dran-:arternum
1075 518 1245 576 sennenn
1272 494 1375 576 Pane
1401 519 1556 578 ternae

432 622 544 694 etiam
576 619 730 697 nomine
765 623 1015 726 appellabatur,
1047 625 1261 701 interdurn.
1299 625 1392 702 Tres
1424 628 1557 724 deinde
1593 621 1826 702 recensentur

436 745 734 824 Humiliatorum
759 751 928 845 domus,
963 777 1043 854 quet
1077 778 1124 830 ex
1159 753 1232 830 hoc
1266 775 1416 834 rantum
1442 753 1633 848 Catalogo
1669 753 1833 832 innotes-

434 892 558 966 cunt,
596 897 745 973 qunque
783 875 824 949 in
854 901 955 974 ,agro
994 875 1097 954 fuisse
1137 879 1334 956 videntur.
1378 899 1434 954 ro.
1473 883 1603 954 Damus
1640 881 1677 952 de
1713 875 1832 970 eyseo,·

439 1021 500 1076 11.
526 1004 652 1072 Domus
688 1001 725 1072 de
761 995 859 1096 estana
870 1028 886 1090 ;
927 1021 983 1076 12.
1010 1007 1138 1077 Domus
1174 1005 1212 1078 de
1245 1005 1392 1086 vizardo
1404 1031 1419 1092 3
1461 998 1529 1076 nist
1566 997 1683 1078 forte.
1698 1002 1833 1078 ultimo

437 1125 522 1202 loco
548 1125 584 1198 de
611 1123 748 1212 wifredo
772 1127 974 1224 legendum
1002 1125 1068 1204 fit.
1108 1135 1236 1204 Damus
1260 1129 1365 1206 enim
1390 1127 1645 1204 humiliatorum
1668 1128 1708 1202 de
1733 1127 1831 1216 cellro

436 1249 607 1343 wiffredo,
642 1245 756 1347 vulgo
781 1249 887 1338 Casiri
912 1251 1070 1342 aiunt,
1105 1255 1145 1328 in
1172 1252 1321 1354 Regiliro
1354 1269 1466 1330 vetere
1491 1233 1831 1326 commemoratur·

435 1377 610 1468 Ejusdem
636 1377 749 1452 etiam
778 1371 824 1468 fit
853 1378 998 1450 mentio
1036 1378 1078 1452 in
1116 1381 1226 1456 Lilvo
1259 1380 1474 1480 receptionum
1508 1398 1568 1450 an.
1595 1369 1834 1468 mcxcv,

439 1530 461 1578 a
486 1509 613 1580 Fratre
638 1502 808 1576 Artezano
831 1501 869 1576 de
893 1501 985 1576 doma
1009 1505 1264 1580 humiliatorum
1289 1508 1326 1580 de
1349 1503 1449 1592 casira
1469 1499 1621 1602 gunfredo
1646 1552 1657 1574 .
1695 1499 1838 1576 Notior

437 1625 515 1721 est,
539 1621 837 1726 quasequitur,
875 1641 935 1718 13.
961 1631 1088 1704 Damus
1112 1627 1150 1704 de
1175 1656 1292 1725 mmo,
1318 1627 1380 1708 seu
1406 1633 1539 1708 melius
1562 1633 1601 1707 de
1625 1635 1748 1720 camo,
1773 1626 1836 1725 qui

439 1745 639 1834 Brixiensrs
677 1752 750 1847 agri
789 1749 839 1826 est
874 1771 989 1850 pagus
1023 1753 1062 1826 in
1099 1754 1205 1828 Valle
1243 1753 1459 1832 Camunia.
1497 1752 1637 1833 AEdem
1676 1748 1834 1828 habebat

438 1873 477 1950 S.
503 1871 781 1950 Bartholomaeo
807 1874 967 1967 sacram,
992 1896 1148 1974 eamque
1174 1873 1285 1974 usque
1311 1876 1357 1953 ad
1382 1874 1536 1970 Ordinis
1561 1875 1835 1951 extinttionenr

438 1999 644 2078 Humiliati
678 2019 906 2077 tennerunt.
939 2000 1151 2096 Sequuntur
1183 2001 1339 2104 denique
1377 2023 1436 2101 ¹4·
1463 2007 1607 2078 Domus·
1625 2000 1663 2076 de
1687 1998 1841 2091 caliano,

436 2125 537 2216 eujus
561 2126 706 2202 nullum
727 2127 827 2202 aliud
846 2147 1142 2203 monumentum
1163 2105 1363 2221 habemus,
1382 2130 1420 2204 dt
1445 2149 1501 2226 15.
1516 2133 1643 2220 Danas
1666 2126 1704 2198 dr
1724 2121 1842 2218 arbus-

329 2349 335 2360 Β
435 2256 515 2344 ebo,
539 2249 584 2328 de
610 2275 682 2350 qua
708 2251 870 2328 diximus
897 2277 1000 2328 num.
1015 2249 1159 2327 LVIII.
1186 2251 1240 2328 At
1266 2251 1307 2326 in
1332 2247 1452 2328 Catal.
1468 2245 1839 2354 annMCCCXLlV3

439 2373 574 2450 domus
600 2377 670 2450 asia
696 2373 912 2472 profertur,
949 2396 1082 2470 nempe
1109 2379 1237 2446 Domus
1270 2373 1309 2443 dr
1336 2379 1453 2446 Monte
1479 2377 1613 2466 Claro,
1639 2365 1739 2473 quod
1763 2371 1845 2480 Bri·

442 2481 575 2584 ariensis
603 2501 676 2600 agri
702 2497 752 2577 eti
777 2499 976 2596 oppidum.
1002 2497 1069 2586 Sed
1099 2494 1207 2586 hujus
1231 2496 1344 2574 etiam
1372 2497 1476 2574 nulla
1501 2498 1670 2602 deinceps
1689 2502 1840 2578 mentio

443 2631 627 2704 occurrit.
750 2699 768 2710 ,
895 2703 897 2708 ,
1674 2717 1678 2724 Δ
1820 2694 1825 2702 .

540 2751 620 2831 LX.
647 2751 802 2832 Brevior
837 2752 909 2862 erit
930 2751 1145 2834 Cremensn
1178 2750 1279 2854 fagia
1310 2751 1522 2852 descriptio,
1549 2756 1589 2832 in
1617 2779 1688 2857 qua
1719 2773 1837 2850 erant,

437 2885 489 2960 uit
514 2880 681 2978 Joannes
707 2881 937 2975 Braidensn,
968 2883 1082 2956 damus
1108 2878 1265 2974 fratrum
1290 2905 1363 2956 cum
1388 2879 1464 2974 sais
1500 2881 1718 2958 martana
1744 2899 1841 2972 tres,-

440 3011 588 3090 Coenohr'a
614 3010 861 3111 Religiofarum
879 3008 998 3110 perse
1022 3027 1120 3086 erant
1146 2986 1268 3085 unum.
1312 3011 1459 3090 Harum
1498 2990 1657 3090 nornine
1693 3011 1740 3088 fic
1765 3013 1840 3090 Ce-

440 3143 583 3240 taiogus
617 3137 738 3214 noster
758 3139 911 3214 recitat.
948 3119 997 3211 In
1024 3133 1124 3230 fagia
1145 3135 1203 3225 2de
1236 3132 1374 3212 Crema
1404 3159 1435 3210 r.
1464 3143 1591 3214 Damas
1618 3136 1775 3231 fratrum
1799 3141 1840 3214 te

436 3259 623 3373 pitatega;
658 3285 692 3336 2.
721 3267 846 3338 Damas
882 3261 931 3334 de'
955 3260 1116 3352 carebia,
1152 3259 1226 3349 ibi‚·
1266 3279 1301 3356 3.
1335 3267 1462 3338 Damus
1499 3268 1551 3361 dr¹
1574 3262 1731 3361 bagnolo,
1765 3267 1841 3358 iti,-

440 3413 487 3490 4.‘
506 3397 633 3464 Dorum
651 3387 803 3483 sororum
828 3387 864 3458 dr
887 3400 1008 3481 pente,
1034 3381 1102 3456 ibi.
1142 3382 1362 3460 Alernaniut
1396 3383 1527 3464 Finius
1555 3407 1624 3462 tres
1652 3387 1840 3476 iliensiu-

442 3517 681 3592 rnitiatorum·
694 3515 830 3588 domos
849 3503 912 3585 sub
932 3503 1004 3605 ipsa
1025 3504 1244 3582 eorumdem
1266 3508 1371 3586 initia
1390 3508 1613 3586 contraeas
1635 3517 1784 3599 narrat(
1805 3515 1841 3597 )·

441 3638 661 3716 Conradum
688 3640 790 3712 enirn
818 3636 1089 3738 Imperatorem
1123 3633 1228 3724 (nac
1255 3632 1387 3713 scilicet
1412 3635 1462 3713 eii
1489 3635 1586 3712 Finii
1623 3635 1669 3710 de
1698 3634 1836 3734 Humi·

383 3762 387 3776 ‘
442 3771 620 3846 littorum
641 3764 782 3861 origine
803 3762 1121 3858 opinio)multos
1142 3759 1182 3833 in
1203 3755 1476 3835 Mediolanensi
1497 3758 1690 3834 obsidione
1714 3775 1838 3854 captet
1869 3749 1893 3764 ”
1948 3755 1950 3760 ’
1998 3835 1999 3842 1

442 3899 484 3976 in
511 3892 753 3968 Germaniam
793 3885 964 3988 ablegasse
998 3883 1129 3975 refert,
1169 3903 1274 3982 atque
1313 3886 1353 3960 in
1393 3885 1449 3962 his
1487 3904 1557 3959 tres
1592 3882 1834 3963 cremenses,

445 4041 605 4117 quorum
631 4016 768 4112 primus
789 4035 835 4086 ex
855 4007 1040 4100 Carobia,
1063 4009 1153 4084 aster
1169 4031 1214 4082 ex
1234 4005 1413 4106 Bagnolia
1425 4060 1438 4100 ,
1459 4029 1505 4082 ex
1524 4006 1712 4087 Piaranira
1725 4028 1838 4107 gente

443 4144 574 4220 tertius
607 4137 723 4214 effer.
761 4131 836 4231 Qui
871 4160 956 4212 curn
992 4133 1126 4210 deinde
1159 4131 1203 4207 ab
1223 4129 1402 4207 Henrico
1435 4129 1602 4216 Conradi
1640 4131 1833 4234 successore

443 4267 593 4348 ueniam
621 4255 891 4360 impetrassent,
927 4275 995 4332 tres
1022 4255 1356 4348 Humiliatorum,
1387 4253 1489 4345 cuitu
1520 4275 1632 4352 erutus
1666 4260 1705 4332 in
1740 4260 1835 4336 Ger·

1457 4428 1459 4436 ¹
1510 4455 1515 4464 ,
1652 4407 1780 4458 manta

402 4513 410 4535 Α,
455 4511 715 4534 μ

529 4565 573 4641 (a)
592 4537 682 4628 nora
699 4563 728 4624 n
747 4529 849 4626 eremi
867 4563 931 4626 ern
950 4565 973 4624 r.
991 4555 1034 4624 e'
1049 4559 1159 4622 senua
1182 4555 1292 4620 xxm
1362 4575 1368 4582 ·
