4050 5480
480 532 531 606 40
720 513 1051 595 Drrtenuarrouts
1079 513 1248 596 elaturum
1276 519 1377 598 Prns
1405 537 1556 600 rerunt
1633 515 1668 526 ''
1714 517 1746 537 ''

431 639 587 722 donnum
616 641 825 719 transierat.
864 651 902 720 6.
928 652 1056 723 Domus
1090 649 1128 722 de
1159 648 1258 748 burgo
1283 654 1410 742 tiriei‚·
1445 673 1481 747 7.
1508 653 1621 727 domus
1657 669 1715 746 que
1735 639 1805 735 llll
1822 680 1846 741 ,ἱ

255 831 275 845 .
430 769 498 841 ibi.
539 766 740 866 Duplicem
768 771 807 846 in
835 772 907 848 lroc
933 775 1047 854 ctiam
1074 775 1211 873 oppido
1235 775 1284 852 ad
1309 771 1489 854 Ticinum
1514 777 1674 856 fluvium
1701 765 1851 856 Ηιιιιιῒ.ι

433 897 611 978 liacorum
636 893 793 972 domum
818 895 922 976 fuisse
947 903 1115 979 videmur
1129 957 1140 996 ,
1166 925 1323 1003 quarum
1349 906 1462 979 altera
1491 901 1610 1000 lepida
1633 903 1698 976 illa
1720 897 1849 996 appel-t

432 1023 577 1095 latione
604 1017 911 1119 distingueretur,
943 1028 1056 1104 domus
1086 1047 1147 1126 que
1167 1026 1236 1114 liat
1276 1083 1286 1104 .
1325 1023 1457 1120 Unica,
1482 1047 1595 1128 eaque
1634 1023 1851 1100 mulierumr

426 1165 580 1248 ''tantum
607 1169 671 1222 an.
696 1143 986 1224 MCCCXLIV.
1013 1149 1222 1249 supererat,
1256 1153 1359 1242 cuiue
1386 1150 1619 1251 frequentem
1647 1167 1852 1224 occurrere.

432 1274 472 1347 in
496 1269 782 1346 Novariensrbns
804 1279 1062 1350 monumentis
1084 1279 1319 1352 mentionem
1349 1265 1613 1352 adimadvertit
1636 1272 1734 1348 Can.
1749 1271 1851 1348 Rae.
2011 1263 2012 1276 Ν

434 1395 558 1469 tolus.
598 1391 726 1473 Pollea
754 1415 881 1472 tamen
919 1395 1137 1494 Preeposrtue
1170 1399 1257 1474 huic
1282 1399 1413 1476 domui
1448 1400 1583 1474 iterum
1616 1399 1719 1474 datus
1757 1395 1854 1489 est3.

432 1517 609 1594 Cornitiis
646 1519 750 1594 enim
788 1542 849 1594 an.
885 1515 1175 1598 MCCCCXCI.
1216 1521 1385 1606 interfuit
1420 1519 1573 1620 Baptista
1610 1523 1649 1596 de
1683 1521 1852 1596 Fontine

435 1649 470 1717 s.
497 1642 620 1717 Maria
644 1642 683 1715 de
713 1645 823 1738 Burgo
847 1639 966 1716 Ticini
991 1637 1233 1742 Praeposttue.
1273 1645 1493 1722 Humiliatir
1527 1645 1694 1721 eutinbiis
1730 1639 1854 1731 buitur
2011 1661 2012 1748 l

434 1767 568 1844 domus
594 1763 753 1840 redditur
778 1761 980 1844 Helvetico
1006 1765 1283 1846 Mediolanenfi
1310 1770 1483 1867 Collegio
1509 1769 1690 1848 attributi.
1721 1767 1755 1846 8.
1770 1774 1848 1844 Do·-

312 1887 317 1896 ’
434 1921 509 1971 mus
535 1893 645 1992 major
670 1892 707 1966 de
731 1891 902 1981 trecbatee
929 1897 1116 1987 nDomus
1139 1895 1370 1989 minor,-ibi.
1395 1895 1518 1977 Unica
1541 1895 1712 1986 Trectti,
1737 1890 1857 1992 quod.
2011 1865 2012 1942 ]

310 2105 315 2114 ,
433 2021 574 2100 celebre
600 2018 652 2097 est
677 2014 912 2096 Novariensrs
947 2021 1022 2118 agri
1048 2019 1248 2120 oppidum,
1290 2046 1350 2096 an.
1378 2015 1668 2101 MCCCXLIV.
1695 2015 1857 2115 strpere:

436 2171 519 2247 rtt,
545 2171 659 2250 eaque
688 2145 1009 2243 Humiliatarum,
1042 2149 1203 2226 domus.
1242 2148 1297 2225 At
1324 2171 1413 2226 vero
1442 2171 1499 2226 ιο.
1525 2153 1654 2224 Danaus
1676 2161 1779 2222 verus
1801 2147 1858 2220 de

437 2287 606 2370 eerraira,
632 2267 672 2353 &¹
703 2295 758 2349 11.
785 2273 913 2352 Domus
936 2305 1027 2355 nova
1052 2277 1132 2370 ili,
1159 2272 1268 2350 simul
1292 2295 1380 2350 cum
1407 2277 1514 2351 tertia
1541 2271 1861 2352 Humiliaterum.'

437 2405 584 2496 domo,
610 2427 689 2502 qua
715 2401 752 2476 de
778 2404 916 2490 castello
940 2403 1150 2492 dicebatur,
1175 2423 1288 2500 quam
1315 2421 1407 2473 mox
1432 2395 1684 2496 proferemus,
1707 2395 1845 2474 eodem

439 2557 545 2609 anno
583 2522 819 2630 supererant,
856 2531 915 2608 sed
952 2535 993 2609 in
1033 2531 1233 2607 mulierum
1272 2522 1406 2603 domos
1444 2519 1652 2605 conversae.
1689 2522 1839 2603 omres

441 2674 612 2756 preterea
636 2657 678 2729 in
703 2653 861 2754 quadam
888 2657 1185 2733 sacerdotiorum
1211 2649 1453 2748 descriptione
1477 2648 1730 2728 aGuillelmo
1754 2651 1839 2732 No·

441 2777 597 2855 variensr
631 2777 813 2877 Episcopo
848 2803 908 2854 an.
935 2775 1226 2858 MCCCXLIV.
1250 2771 1420 2852 consede
1458 2776 1734 2854 nominantur.
1776 2774 1858 2854 Etr.

441 2903 500 2979 hie
532 2927 607 2978 unu
642 2903 677 2978 S.
705 2899 985 2980 Bartholomaeo
1018 2902 1115 2980 sacra
1151 2925 1210 2978 an.
1240 2895 1451 2976 MDxxv.
1477 2898 1686 2998 supererat,
1718 2919 1760 2982 ut
1791 2923 1861 3008 ex¹

441 3029 624 3106 Advocati
650 3029 773 3106 codice
801 3051 882 3126 pag.
903 3049 962 3130 3¹·
988 3027 1155 3122 constat3
1179 3025 1310 3129 easque
1335 3026 1470 3103 deiude
1495 3023 1685 3108 Moniales
1709 3029 1855 3112 Nota·¹
2010 3091 2011 3100 .

443 3154 553 3232 riensi
578 3155 627 3232 8.·
643 3151 810 3232 Barbarae
836 3153 1132 3233 Humiliatarum
1159 3151 1348 3232 Coenobio
1368 3150 1586 3242 coniunstat
1609 3149 1738 3246 suillo,
1765 3153 1854 3236 Pru.

448 3285 644 3359 ricellianae
671 3276 808 3353 scheda
829 3277 989 3356 donent.
1028 3278 1107 3355 Hac
1132 3279 1431 3357 Humiliatorum
1457 3274 1742 3356 Norcrieusr'unn
1769 3279 1841 3358 do·

444 3431 528 3484 mos
543 3406 746 3502 Catalogue
762 3399 883 3479 noller
894 3423 1113 3482 enumerat.
1142 3403 1194 3480 At
1207 3405 1247 3480 in
1266 3404 1450 3500 Catalogo
1467 3428 1527 3480 an.
1542 3399 1837 3482 Mccchlv·

446 3531 526 3634 post
561 3530 720 3606 domum
758 3527 794 3604 s„
831 3520 986 3622 loannis
1024 3527 1068 3606 de
1107 3525 1230 3606 Portis
1264 3529 1378 3605 domur
1413 3530 1451 3603 ele
1487 3527 1626 3608 Gellari
1658 3525 1838 3606 sttccedit.

442 3653 544 3752 Quid
572 3653 635 3729 srbi
664 3653 748 3730 velit
774 3677 847 3729 vox
874 3653 940 3730 illa
964 3653 1125 3745 Gullari,
1159 3673 1221 3731 ant
1247 3677 1327 3753 qua
1354 3651 1416 3728 hic
1440 3651 1574 3728 domus
1597 3651 1834 3749 designetur,

445 3787 606 3882 ignoro.
634 3778 804 3855 Arbitror
830 3777 969 3856 librarii
996 3780 1087 3855 vitio
1114 3805 1243 3856 vocem
1269 3781 1375 3858 illam
1396 3795 1604 3876 corruptam
1620 3771 1717 3869 eled
1741 3801 1838 3878 quu-

446 3931 534 3982 nam
562 3903 616 3981 illi
644 3899 850 3980 sufficienda
877 3901 945 3995 fit,
969 3903 1134 3980 diuinare
1163 3927 1243 3980 non
1270 3901 1410 3990 ausim.

464 4071 469 4087 ·
547 4025 690 4104 XXIX.
717 4025 802 4123 Jam
840 4025 1005 4102 veroad
1043 4025 1332 4106 Novarienlium
1367 4025 1672 4108 Humiliatamm
1709 4029 1841 4114 domos

445 4152 679 4244 accedamus.
710 4172 741 4224 r.
768 4155 895 4224 Domus
913 4145 1066 4241 sororum
1090 4152 1128 4226 de
1152 4159 1299 4258 Strexc,
1326 4147 1386 4224 sen
1407 4145 1510 4241 stresa
1535 4149 1580 4225 ad
1605 4149 1840 4250 Verbanutn,

445 4301 526 4380 que
552 4301 611 4353 an
639 4267 926 4350 MCCCXLIV.
954 4271 1156 4372 supererat.
1195 4299 1229 4351 2.
1257 4282 1386 4350 Doarm
1409 4273 1648 4369 tle-param,
1674 4299 1841 4377 corrupte

447 4432 514 4507 pro
536 4407 577 4479 de
603 4401 811 4491 Pallantia,
844 4401 943 4500 quod
970 4403 1107 4480 celebre
1133 4399 1183 4479 est
1210 4403 1249 4477 in
1276 4399 1403 4474 eadem
1430 4417 1496 4472 ora
1517 4403 1714 4498 oppidum.
1742 4403 1843 4481 Huic

447 4531 583 4610 deinde
610 4523 826 4628 Propositus
851 4525 982 4624 datur,
1017 4551 1106 4606 nam
1133 4534 1171 4621 dt
1203 4555 1264 4609 an.
1292 4519 1584 4608 MCCCCXCI.
1609 4521 1773 4622 Joannce
1798 4533 1843 4610 de

1723 4655 1793 4738 So·
