4020 5490
397 523 1314 619 Annonarrotrrsnssusurrante..
1436 533 1508 617 391

158 644 313 746 propriis
338 645 507 729 destituta
534 645 733 746 palloribus
759 648 949 728 viduitatis
987 655 1228 730 incommoda
1255 643 1481 751 perferunt,
1515 665 1565 722 eo

156 774 361 850 attentiore
386 772 640 854 sollieitudinis
666 771 787 860 lindio
814 775 948 856 nollraa
972 777 1111 854 mentis
1127 779 1319 858 intuitum
1342 774 1557 873 dirigamus,

151 919 229 996 quo
262 901 378 1002 magis
413 899 679 1004 dignoscuntur
721 900 853 983 nostre
891 903 1114 1003 provisionis
1152 905 1319 984 remedio
1357 900 1560 1004 indigere.

151 1024 254 1104 Sane
289 1028 432 1106 dudum
471 1025 531 1106 sel
557 1053 626 1106 ree.
664 1027 834 1128 Joannes
866 1029 965 1128 Papa
991 1026 1119 1106 xxm
1158 1025 1388 1126 predecessor
1427 1024 1565 1104 noller.

149 1152 354 1230 intendens
376 1170 466 1230 tnnc
491 1154 681 1252 quondam
710 1154 912 1234 Benedislo
936 1153 1117 1234 Generali
1141 1151 1320 1252 Magistro
1354 1150 1458 1230 vestri
1484 1147 1558 1228 Or·

151 1277 253 1365 dinis
278 1277 399 1357 eidem
426 1276 562 1361 Ordini
589 1281 821 1383 presidenti,
842 1284 889 1363 de
916 1275 1131 1380 Magisterin
1154 1279 1239 1359 dini
1264 1277 1443 1373 Ordinis,
1465 1301 1554 1356 cunr

149 1406 246 1485 illud
271 1431 334 1506 per,
360 1404 520 1500 ejusdem
541 1407 727 1504 Benedilii
752 1407 888 1488 celsum
914 1411 973 1486 vel
997 1406 1176 1487 decessum
1204 1428 1329 1506 vacare
1354 1405 1552 1504 continge·

148 1552 233 1629 ret,
258 1531 423 1635 persone
450 1535 593 1619 idoneae
620 1536 843 1632 providere„
860 1536 1009 1616 rdislnm
1035 1531 1294 1632 Magisterinrn
1320 1527 1557 1608 ordinationi

147 1665 187 1744 ἀ
213 1659 447 1758 dispostioni
474 1658 571 1754 suu,
594 1663 634 1740 dt
654 1659 759 1750 Sedis
782 1659 1029 1760 Apostoline,
1053 1659 1145 1738 duan
1172 1659 1300 1738 adhue
1318 1657 1474 1752 viveret,
1497 1679 1553 1775 re·

145 1784 327 1879 servavit,
352 1785 557 1869 decernens
582 1787 729 1864 irritum
754 1792 794 1866 de
820 1788 962 1880 inane,
987 1787 1014 1865 fi
1037 1788 1136 1865 secus
1154 1786 1261 1884 snper
1279 1785 1339 1866 his
1360 1807 1424 1884 per
1443 1779 1551 1884 quos·
1702 1891 1705 1898 ι

144 1933 306 2010 eumque
329 1912 457 2009 quavis
481 1912 701 2016 undositate
725 1909 880 1994 irienses
905 1913 963 1991 vel
988 1911 1206 2007 ignoranter
1227 1909 1472 2008 snotingeret
1498 1929 1560 2014 atq

145 2035 310 2110 tentari.
347 2030 595 2111 Postmodum
629 2053 719 2110 vero
752 2033 887 2120 eodem
923 2029 1212 2130 praedecessore,
1250 2029 1339 2111 scut
1367 2033 1548 2116 Domino

144 2157 310 2259 placuit,
335 2158 436 2236 viam
463 2157 642 2259 universas
665 2159 786 2240 narnis
813 2155 1000 2257 ingresso,
1027 2177 1067 2234 ae
1090 2152 1555 2256 subaquennrdinolse.

143 2285 294 2364 nedisio
321 2301 464 2360 nature
489 2281 656 2363 debitunt
683 2281 937 2383 persolvente,
961 2282 1047 2363 dial
1073 2277 1169 2375 filii,
1191 2279 1410 2380 Capitulum
1435 2309 1548 2382 gene-

143 2418 220 2498 raie
244 2413 408 2507 eiusdem
434 2412 616 2507 Ordinis,
641 2412 687 2490 ad
713 2437 834 2514 quos,
860 2407 948 2490 litut
974 2408 1202 2506 accepimus,
1227 2409 1358 2490 eladio
1373 2405 1545 2508 Magistri

141 2547 189 2626 de
214 2537 698 2642 antiquaeonsuetudine,
734 2535 797 2616 sen
836 2558 900 2634 per
924 2532 1056 2612 slatuta
1080 2532 1166 2626 didli
1191 2530 1377 2630 ordinis,
1412 2536 1546 2614 dieitur

142 2669 328 2769 pertinere
352 2722 367 2763 ,
404 2665 616 2758 hujusmodi
643 2660 903 2744 reservationis
922 2655 1048 2739 sorsan
1076 2659 1226 2758 ignari,
1256 2661 1304 2738 de
1327 2656 1426 2754 salio
1450 2663 1545 2742 dile.

143 2795 243 2874 sium
271 2790 393 2871 filium
419 2791 670 2870 Guilielmum
697 2787 835 2870 laban
861 2783 1024 2878 ejusdem
1050 2782 1208 2865 Ordinis
1230 2781 1469 2883 professorem
1504 2791 1551 2888 in

141 2921 373 3000 Generalem
399 2911 616 3014 Magistrum
644 2913 730 2990 disli
755 2910 908 2990 Ordinis
930 2912 1152 3008 elegerunt,
1171 2909 1238 3009 qui
1262 2909 1426 3008 praellito
1447 2911 1543 3010 ejus·

140 3051 248 3130 modi
276 3045 449 3126 elebioni
476 3041 522 3122 de
549 3040 584 3120 se
609 3040 712 3120 salin
735 3036 951 3132 consensu',
987 3030 1346 3114 administrationem
1374 3035 1414 3112 in
1442 3037 1547 3140 spiri·

140 3179 303 3256 tualibus
329 3178 366 3254 bt
393 3169 654 3272 temporalibus
678 3168 763 3246 disli
789 3163 971 3258 Ordinis,
997 3159 1197 3237 secundum
1225 3162 1544 3260 privilegium-Se,

138 3305 195 3384 dis
220 3303 442 3404 Apostolicae
478 3300 582 3398 snper
618 3296 692 3373 hoc
728 3283 1062 3408 eoncessnmudili'o
1087 3285 1222 3364 Ordini
1257 3292 1340 3384 (2),
1376 3287 1543 3368 fimiliter

142 3429 307 3522 eiusdem
334 3425 592 3506 reservationis
618 3419 777 3506 forsitan
812 3417 970 3512 inscius,
988 3415 1157 3514 recepit,
1181 3419 1218 3492 bt
1246 3417 1287 3492 in
1312 3413 1447 3492 eisdem
1475 3413 1546 3515 spi.

143 3562 340 3640 ritualibus
365 3563 403 3638 dt
430 3544 693 3649 temporalibus
718 3544 976 3636 ministravit,
1012 3543 1222 3642 recipiendo
1247 3535 1544 3649 refignationes,

141 3687 243 3779 ittxta
270 3707 417 3762 morem
442 3681 526 3760 dini
552 3672 740 3767 Ordinis,
776 3695 797 3748 a
824 3667 1032 3766 Praepofitis
1068 3673 1106 3746 ἃ
1132 3661 1295 3760 Praeiatis
1321 3665 1463 3761 ipfitrs,
1502 3671 1541 3746 ὅ(

142 3816 309 3892 aliosde
335 3835 437 3888 novo
463 3803 646 3883 creando.
687 3798 745 3873 Ac
776 3797 929 3892 demum
963 3795 1009 3870 de
1044 3791 1289 3868 reservatione
1324 3788 1538 3878 hnjrrsmndi

139 3944 355 4018 certioratus
380 3936 424 4011 ad
451 3925 704 4028 Apostolicam
732 3922 863 3998 Sedent
890 3921 1023 3997 devote
1051 3917 1085 3993 se
1111 3913 1481 4008 contulit‚&1uri,
1511 3913 1540 3990 fi

141 4069 242 4168 qnod
268 4060 497 4146 habeberet
519 4053 703 4135 eledione
730 4048 932 4146 praedisia
920 4069 959 4122 rn
987 4045 1096 4124 dislo
1108 4039 1367 4137 Magisterio,
1404 4042 1445 4118 in
1472 4061 1543 4118 no·

141 4194 223 4271 siris
249 4188 418 4272 manibus
451 4182 581 4280 sponte
613 4175 751 4268 milit,
787 4171 926 4271 trosque
958 4168 1167 4260 hujusmodi
1201 4164 1302 4262 sapam
1341 4168 1544 4277 recepimus

141 4319 366 4399 eefl'ronem.
405 4311 587 4457 volentes
615 4306 725 4406 igitur
758 4303 910 4378 obviare
943 4293 1168 4394 dispendiis,
1204 4319 1294 4395 quae
1304 4291 1465 4392 solent
1457 4297 1543 4377 reli·

1205 4475 1210 4484 ·
1362 4423 1488 4523 glosas

165 4527 698 4598 w

142 4587 415 4670 tumm-
439 4587 535 4650 linrn
563 4582 673 4655 tuns,
697 4581 819 4662 superins
835 4578 923 4642 edint
946 4566 1081 4650 masse
1157 4575 1159 4582 “
