4052 5486
425 518 1335 614 Annouarrorrtnntinenarrata.
1461 545 1539 630 239

181 641 315 722 miliati
344 649 612 745 proposuerunt
637 645 756 728 faeere
782 655 1004 732 continuem
1033 653 1304 754 refidentiam,
1337 661 1375 737 dt
1401 653 1494 734 Deo
1519 655 1583 732 de·

183 773 313 853 servire
333 830 353 890 .Ι
384 770 509 874 Qratn
535 783 792 862 venditionem
825 783 910 862 dibli
946 781 1089 862 Fratres
1125 787 1385 866 Praedicatnrer
1410 780 1584 860 dicebant

179 897 284 998 polle
302 924 494 998 reuocare,
520 904 581 985 seu
603 912 763 988 revocati
789 907 906 990 faeere
932 937 996 1011 per
1020 913 1158 992 dilium
1186 911 1449 1012 superstantem
1477 909 1580 990 diua

179 1013 349 1104 Ecclesiae
367 1028 489 1108 sanet
512 1029 724 1133 Eustorgii,
749 1063 835 1114 cum
858 1030 929 1135 ipsa
951 1055 1072 1131 terra,
1099 1033 1205 1135 supet
1224 1062 1296 1143 qua
1316 1036 1411 1113 diua
1431 1031 1583 1114 edificia

176 1147 290 1247 sunt,
316 1153 362 1232 fit
384 1157 691 1257 iliiusEctleliar,
718 1161 791 1240 stre
811 1160 1081 1260 superstantiae,
1105 1169 1143 1243 dt
1167 1187 1334 1262 peream
1354 1159 1583 1242 Ecclesiam»

176 1275 554 1379 fine·superllantiam
582 1289 626 1364 ad
652 1287 854 1382 libellum,
887 1288 960 1370 save
987 1294 1027 1365 in
1055 1285 1330 1388 Empbiteosrut
1359 1305 1578 1386 teneretur,

175 1411 214 1488 dt
242 1412 391 1488 vendita
416 1410 485 1506 fir,
513 1411 733 1511 superstante
759 1417 828 1490 illo
855 1415 952 1492 illius
978 1413 1148 1494 Ecclesia
1173 1438 1253 1492 rton
1280 1411 1483 1514 requistto,
1509 1437 1580 1492 nee

173 1532 220 1611 de
247 1535 356 1632 ipsius
380 1536 584 1632 consmsu,
612 1543 668 1616 rel
683 1539 875 1618 voluntate
896 1542 1030 1633 tacita,
1059 1543 1117 1618 vel
1139 1535 1326 1638 exprell‘a,
1354 1567 1423 1620 nee
1447 1542 1574 1641 aliqua

172 1657 465 1739 denuntiatione
486 1663 684 1760 promissat
704 1670 741 1744 dt
761 1665 930 1748 dicebant
951 1665 1107 1765 prodidi
1131 1662 1275 1744 Fratres
1294 1665 1579 1762 Prodicatorea,

174 1809 258 1862 non
285 1789 393 1864 licere
418 1787 468 1864 ibi
495 1784 695 1882 edificare,
722 1815 790 1868 nee
815 1789 991 1868 senellraa
1015 1789 1150 1867 habere
1177 1791 1216 1864 in
1241 1789 1315 1887 ipsa
1339 1789 1483 1884 domo,
1509 1811 1579 1870 nec

169 1937 254 2016 quo
282 1911 376 2009 liet,
402 1917 459 1992 rel
487 1915 598 2014 pollet
625 1919 703 1996 fieri
731 1921 858 2023 aliquo
882 1940 1084 2018 tempore,
1114 1941 1182 1996 nec
1207 1917 1331 2017 aliqua
1354 1912 1571 2012 foramina,

169 2063 241 2116 nee
265 2040 404 2141 aliquid
439 2045 478 2119 in
516 2037 684 2120 fraudem
717 2038 960 2120 fenestrarum
989 2047 1046 2122 vel
1072 2043 1303 2122 foraminum
1328 2057 1460 2117 contra
1485 2039 1574 2120 Do·

166 2193 275 2246 mum
298 2219 311 2259 ,
337 2165 398 2243 leu
426 2167 580 2247 hortum
609 2167 772 2251 ipsorum
800 2167 973 2243 Fratrum
1001 2167 1290 2246 Praedicatorurn
1314 2188 1335 2240 a
1362 2167 1569 2247 meridiane

163 2315 301 2394 parre,
336 2317 404 2370 nec
430 2297 538 2372 licere
564 2295 617 2369 eis
642 2288 761 2368 latere
793 2291 1029 2372 Canonicam
1065 2295 1218 2387 maioris
1241 2291 1396 2374 Ordinis
1420 2295 1478 2384 (9)
1503 2317 1573 2378 nee

160 2421 275 2500 licere
303 2418 354 2494 eir
377 2441 584 2496 convocare
610 2415 947 2512 pradicationem,
978 2441 1063 2494 cum
1099 2441 1165 2516 per
1195 2417 1271 2496 ltoe
1296 2419 1571 2516 predicationet

161 2541 449 2622 Praedicatorum
483 2539 656 2620 Fratrum
689 2542 992 2635 impedirentur,
1023 2566 1111 2620 curn
1136 2567 1270 2620 eorum
1298 2543 1496 2638 officium,
1528 2549 1570 2627 dt

158 2663 323 2745 studium
351 2666 494 2768 proprie
528 2667 568 2742 in
597 2667 856 2762 praedicatione
881 2663 1084 2759 consiliat,
1107 2670 1144 2742 dt
1173 2665 1237 2762 tpfi
1264 2668 1477 2757 iamdudum
1506 2669 1559 2746 se·

156 2797 246 2875 dem
285 2794 388 2872 suam
426 2794 605 2888 elegerint
640 2795 734 2886 apud
768 2789 969 2869 Eccleliam
1004 2789 1242 2884 supradictam
1280 2793 1319 2868 S.
1354 2790 1567 2891 Eustorgii,

156 2943 324 3023 quorum
349 2915 512 2994 officium
534 2969 547 3007 ,
572 2911 633 2992 seu
658 2915 834 3016 Religio,
858 2939 906 2992 ex
931 2913 1201 3010 supervenienti
1229 2912 1326 2990 fallo
1352 2919 1563 3017 aliquorum

156 3071 243 3124 nnn
277 3043 385 3122 debet
412 3045 646 3146 aliquatenus
675 3043 871 3136 impediri.
909 3041 1024 3135 Super
1055 3041 1187 3142 quibus
1216 3042 1394 3120 omnibus
1427 3047 1562 3139 placuit

156 3171 335 3276 praedidis
361 3170 523 3269 parribus
547 3167 756 3245 volentibus
781 3167 937 3242 meliora
965 3166 1188 3259 providere,
1218 3167 1263 3242 ad
1293 3163 1561 3265 infrascriptam

154 3296 446 3376 transtulerum
475 3297 684 3388 peruenire,
710 3295 748 3368 bt
775 3291 818 3366 ad
849 3285 1074 3384 infrascripta
1102 3289 1228 3382 aaut,
1253 3286 1315 3366 seu
1342 3290 1557 3368 transastio·

153 3447 222 3499 net
244 3445 311 3516 pto
331 3415 550 3496 Christiano
571 3415 662 3494 llatu
678 3413 862 3513 utriusque
875 3415 1008 3502 partis,
1032 3417 1069 3491 ὅ(
1083 3410 1287 3508 Religioue
1307 3418 1561 3508 praedillorum

151 3545 328 3627 Fratrum
355 3543 640 3624 Prodicatorurn
662 3597 676 3636 ‚
699 3545 737 3620 bt
765 3537 1097 3632 Humiliatorum,
1130 3533 1417 3632 conservanda,
1448 3545 1485 3620 dt
1511 3560 1555 3620 ut

735 3732 740 3740 .
1383 3668 1512 3744 omnia

149 3775 1560 3838 ,wma-

192 3887 302 3962 diolani
321 3888 426 3948 diliana
440 3838 572 3944 Ticinum
588 3881 698 3942 versus.
718 3879 834 3938 lbioiim
907 3876 1067 3938 biliterell'e
1086 3917 1097 3946 ,
1118 3896 1178 3949 quae
1201 3875 1361 3952 plerumque
1385 3873 1558 3933 &barnaba

193 3987 398 4048 Menaenorum
414 3986 507 4043 Vallis
528 3979 669 4040 Umbrosoe
695 3981 838 4038 Miralle·
909 3977 945 4037 ad
962 3977 986 4036 3.
1008 3975 1181 4048 Eustorgium
1203 3975 1326 4042 dicim,
1351 3989 1412 4045 quer
1435 3973 1557 4044 appella·

188 4087 265 4146 rium
276 4084 347 4152 luit,
368 4083 659 4149 §.ilarrtabatiacrum¹
677 4079 753 4148 cuius
762 4080 834 4150 apud
907 4079 949 4135 tio
966 4077 1031 4132 bine
1047 4075 1228 4148 probabiliter
1244 4073 1340 4140 dudit,
1358 4071 1433 4144 quad
1453 4072 1478 4130 S.
1490 4074 1557 4132 llar-

188 4183 331 4258 Jnllnium
348 4185 451 4238 mertrio
466 4178 505 4240 T.
524 4183 555 4240 V.
568 4199 631 4246 aar.
650 4201 708 4247 tar.
734 4179 778 4236 ubi
796 4177 830 4235 de
904 4174 980 4233 nabe
999 4174 1033 4231 M
1054 4170 1173 4232 uallario
1189 4169 1313 4248 superius
1329 4189 1483 4232 memorato
1502 4171 1553 4233 ob·

145 4301 151 4310 '
188 4287 252 4357 eius
270 4285 375 4353 origine
393 4281 516 4348 ditlerir,
528 4276 591 4352 plag.
604 4283 734 4346 suffe.
753 4275 837 4348 Opti-
911 4273 996 4332 noxia
1013 4272 1063 4328 iila
1080 4269 1166 4330 eller.

185 4407 232 4446 me
248 4399 338 4442 aurem
351 4379 542 4438 animadvertit
554 4391 718 4434 memrratur
741 4372 836 4432 auster
860 4371 915 4445 ι(φῖ
939 4371 1046 4430 Scilicet
1080 4369 1163 4439 primi
1197 4365 1416 4432 Humiliatnrum
1440 4367 1560 4428 Ordluie

146 4519 154 4527 .
192 4488 289 4544 ΠΧ.
303 4501 363 4550 pap.
380 4503 419 4544 57.
436 4481 559 4536 Domum
576 4475 645 4536 harre
655 4472 836 4542 hospitalem,
914 4471 1044 4536 domum,
1060 4465 1277 4539 qrtaeCannnieae
1292 4469 1404 4528 nurnine
1419 4463 1558 4526 interdum

187 4603 247 4661 quo
262 4589 305 4643 iric
323 4583 351 4640 S.
371 4577 448 4640 fidel
461 4577 583 4644 decitur,
600 4571 723 4628 eamdem
740 4569 840 4642 proba·
915 4565 1121 4644 appellabatur.
