3978 5484
264 551 1248 664 DrIqurrrtr.DourroscmrMcoror.Acrtuu
1260 577 1419 644 rosrrrs.
1456 583 1506 659 91

167 703 232 776 tro,
259 686 362 784 quod
388 687 563 785 oppidum
591 685 642 764 est
667 685 884 765 Ceoetensrs
909 689 1065 766 diaecesrs
1086 744 1098 785 ,
1122 689 1162 766 S.
1188 686 1323 768 Paullo
1349 693 1464 767 sacta.
1498 687 1565 766 Su·

15 803 16 828 ³
165 806 298 907 persoir
315 811 388 886 'illc
414 813 459 888 cd
483 834 649 890 extrema
673 811 786 916 usque
811 809 1113 892 Humillctorum
1149 809 1339 914 tempora.
1375 815 1473 928 Illud
1502 815 1564 890 hic

15 929 16 932 ‘
166 959 312 1012 uorum
338 939 528 1033 occurrit,
554 940 654 1039 quod
678 950 782 1016 cum'
799 961 927 1017 ceterae
955 966 1088 1018 omnes
1113 938 1283 1034 Fratrum
1316 941 1451 1018 domus
1478 939 1563 1016 Fra·

164 1062 282 1138 tribus
308 1067 344 1142 br
371 1064 566 1142 Sororibus
590 1089 808 1144 communes
834 1069 972 1164 essent,
1008 1072 1083 1147 brec
1109 1069 1294 1147 Fratribus
1321 1088 1470 1145 tentum
1498 1095 1559 1168 pc·

162 1186 289 1264 tebot:
317 1183 363 1264 fic
388 1191 493 1265 enim
521 1186 687 1286 loannes
714 1189 945 1268 Braideofic:
972 1199 1014 1266 ln
1039 1195 1232 1292 Concgliano
1258 1195 1464 1271 eraclonus
1481 1183 1586 1288 fra!

155 1335 254 1393 trum
274 1312 392 1412 perse
418 1341 507 1390 una.
533 1312 577 1390 Id
604 1339 692 1391 vero
719 1303 759 1391 rn'
789 1317 869 1388 aliis
893 1318 1009 1390 etiam
1036 1320 1230 1392 nonnullis
1257 1317 1558 1396 Humiliatorurrl

164 1438 361 1531 domibus,
389 1459 471 1537 qum
497 1434 717 1514 illustrando
744 1437 956 1538 supersunt,
990 1439 1127 1518 sallum
1152 1442 1379 1529 ridebimus.
1405 1439 1562 1534 Foroiu-

161 1563 285 1643 stensrr
305 1565 418 1640 ctiam
447 1561 634 1660 provincie
658 1563 865 1640 Vicentirrae
877 1563 983 1666 sagiae
1003 1566 1223 1644 includitur.
1251 1567 1424 1664 Sequitur
1449 1571 1554 1641 enim

159 1713 198 1788 4.
225 1698 356 1767 Domus
380 1691 417 1764 de
436 1687 568 1786 facilc,
602 1715 714 1789 quam
742 1715 763 1767 a
787 1687 849 1767 Cl.
877 1689 918 1768 P.
945 1693 989 1767 de
1018 1691 1157 1771 Rubeir
1187 1695 1482 1770 commemorari
1509 1695 1561 1769 vi·

155 1819 282 1895 dimus
306 1817 392 1893 Vol.
408 1813 438 1891 I.
465 1837 542 1914 pag.
560 1819 645 1911 256.
671 1811 933 1906 ForoquIertl'rs
958 1815 1160 1897 Prorlnciae
1180 1817 1265 1894 urbs
1288 1813 1342 1894 est
1366 1816 1555 1892 Sacllum.

155 1941 220 2023 Ex
244 1945 287 2022 iis
321 1967 408 2022 vero
441 1951 522 2042 qu'tc
554 1938 600 2014 dc
634 1938 779 2016 Cunlza
812 1939 888 2030 iam
922 1943 1106 2037 diximus,
1139 1941 1284 2018 constat
1310 1939 1383 2032 iam
1422 1939 1468 2016 ab
1494 1965 1558 2020 ro.

151 2063 455 2145 Mccxxxrv.
474 2063 697 2146 Sacilcrrscm
717 2062 1018 2144 Humiliatorum
1036 2070 1193 2144 domum
1214 2065 1397 2146 Fratribus
1417 2093 1460 2148 cc
1487 2072 1555 2148 So·

154 2189 303 2268 roribus
327 2215 573 2270 communem
598 2189 791 2266 exstititse.
830 2187 909 2263 Illc'
926 2191 1029 2264 enlm
1056 2213 1116 2264 cn.
1145 2187 1400 2270 MCCLIIXI.
1425 2191 1563 2274 obiiffc

151 2316 316 2406 dicitur,
342 2337 383 2390 ac
408 2309 494 2389 XV.
520 2309 598 2389 sere
622 2333 744 2386 annos
768 2313 865 2408 apud
890 2307 1090 2388 Ecclefirm
1128 2319 1166 2392 S.
1194 2315 1421 2412 Michaelis,
1447 2337 1558 2396 antec

156 2459 253 2513 vero
279 2431 408 2512 XXII.
434 2437 546 2513 annis
585 2433 625 2510 in
661 2431 839 2510 Saclleofi
875 2437 993 2511 domo
1018 2437 1164 2514 vixisse.
1205 2438 1316 2520 Plura
1355 2465 1481 2520 aurem
1518 2445 1560 2520 io

157 2560 307 2660 publico
333 2557 506 2638 Sacilcnsr
534 2557 716 2635 tabulario
742 2581 988 2636 monumenta
1011 2559 1226 2660 supersunt,
1253 2567 1292 2641 io
1318 2569 1450 2667 quibus
1474 2566 1559 2646 Huc

160 2681 396 2764 miliarcirum
422 2684 501 2758 haec
519 2680 653 2756 domus
668 2671 1012 2777 commemoretur,
1040 2711 1200 2786 quorum
1225 2711 1391 2788 excerpta
1416 2693 1464 2767 ab
1486 2691 1558 2768 hu·
1663 2697 1670 2708 '

161 2809 380 2892 ¹roauilsrmo
407 2805 585 2904 nobisque
612 2803 797 2901 stcpllsrme
832 2807 984 2882 laudato
1017 2807 1057 2884 Ρ.
1084 2808 1137 2884 D.
1165 2811 1314 2910 Augelo
1342 2814 1397 2890 M.
1423 2816 1561 2894 Corte.

160 2942 271 3022 novis
295 2933 488 3020 Utinensrc
513 2927 664 3010 Domus
688 2929 920 3007 Clctlcorum
949 2931 1083 3029 Regul.
1098 2933 1240 3034 Congr.
1267 2935 1437 3016 &Paulli
1464 2939 1561 3016 Prae·

162 3059 284 3166 polito
322 3063 548 3161 accepimus.
586 3055 648 3136 Ex
680 3055 725 3132 iis
750 3074 877 3132 tamen
916 3055 1067 3128 nullum
1100 3053 1151 3131 cst
1184 3083 1289 3135 cuno
1317 3061 1556 3143 MCCCLII.

163 3191 375 3293 antiquius.
401 3185 490 3264 Hoc
514 3205 638 3261 autem
664 3205 769 3258 anno
799 3200 857 3257 11.
896 3175 1183 3256 remutatus
1216 3211 1268 3280 qu.
1304 3191 1349 3262 D.
1380 3193 1562 3266 Venarame

162 3321 200 3394 tle
224 3319 351 3393 sacillo
376 3311 518 3412 reliquii
541 3305 739 3395 monasterio
769 3305 891 3382 sancte
917 3307 1032 3382 Marie
1063 3309 1102 3382 le
1126 3311 1250 3386 sacillo
1283 3313 1387 3391 libras
1413 3317 1563 3394 tresde.

163 3447 335 3522 rariorum
357 3463 544 3541 parvorum
555 3465 570 3528 ,·
602 3435 696 3525 item¹
711 3431 867 3534 hospitali
893 3437 1020 3527 Domus
1045 3436 1112 3510 Dei
1144 3437 1182 3512 le
1209 3443 1334 3520 Sacillo
1359 3443 1467 3521 librar
1493 3457 1564 3524 lrer

162 3581 368 3674 parcorum.
405 3569 494 3640 Item
519 3561 660 3659 reliquid
692 3557 801 3636 altari
822 3553 968 3644 'Ecclcſse
998 3559 1121 3638 ranae
1146 3565 1262 3642 lilarie
1295 3568 1332 3644 lc
1357 3573 1482 3648 sacillo
1505 3597 1581 3670 pro¹

163 3721 225 3772 utro
246 3693 348 3770 calice
368 3687 627 3765 cmrnlo‘lilrar
650 3687 780 3787 viginti
799 3683 1007 3757 denariorum
1022 3705 1231 3781 parvorum.
1258 3685 1345 3768 I·Ioc
1371 3695 1455 3772 loco
1478 3691 1562 3774 Hu.

165 3821 319 3896 milleto
345 3813 656 3901 Sinitimoniclcs
690 3831 770 3884 non
804 3823 1081 3898 memorantur3
1120 3807 1179 3885 sed
1213 3811 1253 3889 S.
1281 3807 1412 3892 Maria
1438 3819 1558 3895 adem

166 3946 213 4024 td
235 3946 314 4020 illas
335 3935 568 4042 pertinuisse,
595 3955 640 4010 cx
661 3931 741 4008 aliis
760 3927 895 4006 chartis
913 3929 1146 4024 colligimus.
1174 3928 1231 4008 lta
1252 3935 1291 4010 in
1311 3935 1486 4035 supremis
1507 3956 1560 4016 ta·

165 4073 265 4150 bulis
283 4065 458 4146 Ilerrtrrdi
480 4055 759 4163 qu.Vetrdrcmi
781 4055 826 4131 ele
846 4054 969 4132 Satilo
997 4049 1143 4132 XXIII.
1164 4049 1276 4136 Mart.
1290 4055 1560 4143 MCCCLXV.

168 4193 377 4273 habentus:
402 4195 488 4264 Item
512 4183 654 4283 reliquid
675 4182 870 4256 luminariis
887 4179 1104 4266 Ecclcfiarum
1123 4179 1442 4286 infrascriptarum,
1466 4193 1561 4270 vide.

166 4321 245 4398 licet
270 4313 393 4392 sancii
418 4311 548 4387 Nicolai
560 4363 572 4402 ,
598 4305 720 4382 saruc
747 4305 861 4381 Marie
882 4301 1172 4398 simulatorum,
1191 4310 1313 4388 Sancte
1329 4321 1485 4394 Carmine
1496 4321 1565 4407 διο.

168 4443 249 4544 Jant
276 4439 321 4518 ab
348 4461 453 4516 anno
478 4428 770 4512 MCCCXLIV.
797 4431 936 4507 unicus·
960 4425 1088 4506 Frater
1122 4453 1207 4509 cum
1236 4435 1351 4512 tribus
1379 4439 1561 4521 Monicli·

168 4569 232 4646 bus
255 4569 347 4646 aedes
373 4566 452 4642 illas
478 4555 712 4656 incolebant.
751 4549 881 4632 Postea
907 4577 993 4630 veto
1021 4551 1212 4634 Monicles
1237 4579 1388 4638 tantum
1413 4566 1562 4647 easdem

799 4674 845 4752 M
897 4699 919 4753 2
1387 4707 1515 4772 tenue·
