3978 5484
486 547 558 647 138
711 552 1162 634 Htiurtresortntt
1202 547 1559 629 Monunennt

437 675 644 750 mationem
666 673 715 752 est
735 676 1012 767 iuramentum.
1040 679 1207 775 Angelus
1225 699 1394 777 quoque,
1417 698 1529 776 quem
1549 667 1714 769 Joaunes
1735 665 1828 742 vidit

437 807 478 882 in
506 799 711 897 Apocalipsr
735 799 894 878 stantem
918 798 1022 899 supra
1044 823 1144 878 mere
1164 805 1202 880 dt
1223 800 1327 898 supra
1347 825 1506 894 terram,
1526 797 1661 873 levarit
1682 813 1839 870 manum

439 917 545 997 suam
579 925 624 1000 ad
656 925 779 1000 celum
804 977 816 1016 ,
839 927 877 1002 dt
914 925 1045 1011 iuravit
1081 947 1142 1022 per
1176 925 1361 1001 viventem
1389 923 1428 997 io
1456 919 1572 998 secula
1607 918 1839 997 seculorum.

440 1043 618 1144 Jeretnias
636 1047 749 1121 etium
772 1047 1000 1147 prophetans
1019 1049 1064 1124 de
1086 1049 1156 1140 iis,
1183 1046 1245 1147 qui
1268 1067 1432 1144 ternpore
1453 1047 1569 1145 gratie
1581 1041 1695 1120 futuri
1709 1061 1840 1134 erant,

440 1157 623 1248 testatur:
649 1171 687 1246 dt
713 1167 921 1265 jurabunt,
947 1173 1040 1248 vivit
1065 1171 1296 1264 Dominus,
1324 1171 1364 1245 in
1391 1175 1545 1248 veritate
1571 1173 1609 1248 dt
1636 1169 1677 1245 iu
1704 1167 1841 1256 iudicio

438 1301 476 1374 ἀ
497 1293 657 1386 justitia,
682 1296 721 1371 dt
741 1292 962 1372 benedicent
981 1319 1069 1372 eum
1090 1315 1240 1392 gentes,
1270 1295 1459 1397 ipsumque
1478 1293 1704 1372 laudabunt.
1733 1292 1838 1372 Nam

441 1421 478 1496 dt
502 1417 628 1515 paulus
650 1415 1017 1520 legitur'frequenter
1036 1415 1185 1508 iurasse:
1213 1417 1333 1512 tellis,
1354 1419 1499 1518 inquit,
1516 1416 1569 1496 est
1589 1419 1683 1496 mihi
1704 1411 1842 1502 Deust

439 1545 503 1636 dt,
527 1563 590 1639 per
617 1537 770 1616 vestram
798 1543 991 1638 gloriam,
1017 1540 1169 1636 fratres,
1192 1565 1306 1643 quam
1334 1541 1454 1618 habeo
1478 1543 1519 1620 in
1546 1541 1699 1622 ctrttto
1723 1538 1841 1652 lesu,

438 1664 519 1746 Vos
542 1685 665 1759 ergo,
690 1663 813 1740 diledsi.
837 1667 877 1740 in
901 1665 1079 1744 Domino
1105 1663 1207 1760 lilii,
1233 1664 1378 1742 visendi
1404 1661 1594 1761 formum,
1617 1693 1733 1770 quem
1762 1656 1846 1744 uos‘

437 1791 632 1889 diligenter
662 1791 906 1883 examinare,
940 1793 1136 1890 prudenter
1159 1793 1375 1890 corrigere,
1409 1817 1450 1870 uc
1481 1789 1672 1872 sulubrlter
1698 1815 1835 1892 appro-

437 1916 524 1994 bare
542 1914 773 2007 curavimus,
797 1913 842 1990 de
861 1915 970 1992 corde
993 1939 1110 2015 puro,
1134 1921 1173 1996 dt
1191 1918 1417 1996 eonscientia
1436 1917 1560 2011 bona,
1586 1921 1626 1994 dt
1650 1913 1723 1993 fide
1750 1935 1835 1994 ooo

436 2025 518 2119 fitt'e
545 2037 723 2134 servetis,
748 2058 790 2117 ut
816 2038 862 2116 ab
888 2061 967 2133 eo,
1006 2043 1070 2141 qul
1099 2045 1319 2123 neritonum
1343 2043 1395 2124 esl
1419 2041 1651 2138 retributor,
1688 2044 1732 2120 dt
1753 2062 1841 2120 eor·

435 2162 542 2242 dium
568 2163 838 2264 perscrutator,
873 2169 1078 2244 mercedem
1107 2167 1324 2248 meretmlni
1358 2169 1513 2262 recipere
1539 2165 1838 2261 sempiternam.

434 2291 518 2370 Nos
541 2309 667 2368 autern
692 2290 769 2388 paci
795 2290 1116 2390 &tranquillitati
1149 2291 1263 2370 vellte
1289 2309 1440 2390 patema
1474 2286 1722 2364 sollieitudine
1750 2305 1836 2386 pto·

436 2414 557 2488 videre
580 2414 770 2502 volentes,
797 2407 1012 2488 audioritate
1039 2409 1234 2507 apostolica
1255 2413 1521 2508 prohibemus,
1543 2431 1587 2488 ut
1612 2409 1710 2486 insta
1733 2413 1833 2488 cleu·

436 2531 536 2613 sures
561 2535 764 2612 domorum
798 2533 995 2610 vellrarum
1032 2537 1157 2611 nullus
1190 2536 1393 2633 sepium,
1427 2536 1490 2615 seu
1516 2535 1660 2615 furtum
1687 2533 1830 2632 fucere,

435 2661 561 2757 ignem
595 2677 811 2756 apponere,
845 2655 1066 2754 sanguinem
1090 2656 1278 2752 sundere,
1310 2659 1509 2738 hominem
1538 2681 1678 2739 temere
1703 2685 1828 2762 capere

436 2786 496 2860 vel
511 2779 741 2874 interficere,
759 2777 821 2868 seu
842 2779 1062 2858 violentiam
1082 2783 1212 2860 audeat
1231 2804 1420 2861 exercere.
1444 2784 1693 2862 Decernimus
1714 2807 1830 2883 ergo,

435 2928 479 2988 ut
503 2908 597 2985 trulli
617 2907 780 2996 omnino
801 2908 1002 2985 hominurn
1027 2910 1133 2985 licent
1160 2908 1256 2984 hanc
1281 2910 1457 3006 paginam
1484 2911 1605 2990 nolite
1630 2913 1829 3011 prorediu-

433 3037 493 3114 nis
518 3038 557 3118 dt
582 3029 855 3132 approbationis
880 3027 1114 3133 infringere,
1140 3033 1196 3108 vel
1222 3032 1255 3108 ei
1283 3031 1371 3110 ausu
1398 3038 1597 3114 temerario,
1615 3035 1825 3112 eonteaire.

438 3163 478 3244 si
506 3161 586 3260 quis
611 3176 739 3234 autem
765 3155 840 3230 hoo
864 3171 1080 3250 attemptare
1107 3155 1389 3254 presumpserit,
1416 3161 1717 3258 indignationem
1746 3183 1827 3236 om·

438 3283 644 3380 uipotetttis
668 3277 779 3369 Dei,
810 3280 848 3354 dt
875 3275 1067 3354 bettorurn
1100 3279 1191 3374 petri
1217 3281 1255 3356 dt
1281 3281 1378 3378 pauli
1404 3279 1658 3380 apostotorum
1695 3285 1775 3374 ejus
1799 3279 1832 3356 se

439 3407 586 3487 noverit
607 3399 861 3481 incutiuntur.
888 3398 1034 3481 Datum
1060 3399 1230 3482 Laterau.
1257 3424 1316 3482 ιι.
1343 3405 1431 3486 Idus
1454 3403 1558 3505 Juoii
1584 3403 1827 3486 Pontificatus

445 3528 563 3610 uollri
590 3551 695 3606 anno
721 3545 877 3629 quarto.
