4032 5482
276 537 343 620 Dc
362 539 775 648 Houtttnr.Dotnans
792 563 920 620 aaran
934 539 1267 623 Mrorot.Acttnu
1280 569 1436 626 rostrrs.
1472 563 1519 647 73

172 663 523 746 Sandiimonialibns
548 670 803 747 funestissimus
831 673 992 756 accidit.
1029 673 1237 751 Colleonus
1264 680 1397 768 enim,
1423 677 1484 774 qui
1510 678 1569 751 in·

172 805 264 864 terea
278 790 782 891 GeneraIIsHumiIiatorum
804 793 974 892 Magisier
998 794 1105 885 jussus
1126 795 1267 892 fuerat,
1287 799 1401 874 Fratri
1425 797 1566 894 Jacobo

168 914 213 992 ab
239 913 405 992 Ecclesia
432 912 666 994 Soncinensts
698 915 833 992 domus
861 917 1060 1016 Praeposrto
1086 924 1207 998 literas
1238 923 1340 998 dedit
1370 921 1434 996 tv.
1465 922 1564 1017 Aug.

167 1035 407 1134 MDLXV„
441 1043 570 1141 quibus
597 1036 675 1133 post
701 1025 899 1116 innumera
926 1043 1275 1122 Sandimonialium
1298 1047 1453 1119 erimina
1483 1069 1565 1140 gra-

165 1161 313 1239 viffimts
341 1166 456 1240 verbis
480 1183 727 1264 exaggerata,
761 1161 904 1238 easdem
939 1168 984 1240 ad
1010 1165 1275 1242 Soncinensem
1300 1169 1459 1258 domum
1485 1164 1559 1242 sra-

167 1288 282 1364 ttibua
307 1313 368 1386 per
393 1291 432 1367 id
456 1311 633 1383 tempus,
660 1306 703 1361 ut
732 1287 906 1376 videtur,
933 1309 1086 1362 vacuam
1120 1273 1249 1364 deduci
1275 1258 1449 1377 jubebat.
1491 1290 1566 1366 Res

166 1421 292 1490 tamen
321 1415 426 1489 exitu
451 1413 598 1504 caruit,
634 1435 702 1485 nec
720 1410 792 1506 ,diu
825 1411 926 1486 licuit
955 1407 1179 1488 Humiliaris
1204 1413 1250 1488 de
1277 1416 1388 1490 relata
1415 1413 1565 1490 videoria

163 1540 340 1636 glorIari.
369 1537 469 1614 Cum
496 1537 624 1625 enim,
650 1552 690 1610 ut
717 1533 895 1628 arbitror,
925 1559 1023 1610 nova
1049 1533 1174 1611 caussae
1200 1537 1364 1635 cognitio
1390 1535 1556 1612 instituta

166 1667 279 1761 esset,
308 1690 463 1766 cumque
487 1691 535 1745 etr
561 1667 625 1740 itta
650 1664 831 1740 constaret
846 1720 858 1758 ,
883 1669 1050 1762 gravium
1078 1667 1227 1766 quidem
1250 1661 1450 1742 criminum
1479 1695 1556 1745 tear

163 1791 237 1870 esse
260 1791 473 1884 Monotes,
499 1789 558 1868 sed
585 1789 623 1867 id
650 1787 809 1887 ipsorum
833 1787 1027 1899 praesertim
1050 1789 1347 1866 HumIIIatorum
1374 1793 1478 1890 eutpa
1506 1817 1565 1867 ac·

163 1913 323 2008 cidisse,
372 1913 629 2011 Hieronymus
667 1912 812 1992 Prioius
850 1912 1093 1989 Veneriorum
1133 1909 1226 1988 Dux
1261 1909 1426 1990 XXVII.
1462 1919 1564 2014 Aug.

162 2036 395 2116 MDLXVI.
420 2035 611 2115 Francisco
636 2035 774 2114 ‘Marito
807 2035 1006 2133 Maripetro
1033 2037 1269 2138 bergomensi
1297 2039 1480 2133 Pectori,
1519 2065 1562 2117 ae

163 2160 304 2262 Joanni
324 2161 494 2262 Baptista
507 2165 714 2242 Foscareno
734 2162 937 2256 Copiarum
960 2157 1134 2236 Presedio
1155 2164 1276 2240 Iiteras
1287 2163 1410 2255 dedit,
1429 2166 1562 2265 quibus

162 2285 365 2363 Humiliati
399 2314 421 2363 a
452 2287 488 2362 S.
517 2284 672 2381 Agatho
697 2279 884 2358 Coenobio
912 2279 1088 2360 abstinere
1120 2287 1282 2361 omnino
1308 2283 1557 2380 iubebantur,

162 2435 236 2489 nec
261 2413 301 2487 iu
329 2413 445 2486 ullam
474 2411 570 2484 illius
598 2408 785 2505 regiminis
812 2425 952 2502 partem
976 2409 1123 2499 veoirc;
1150 2433 1190 2484 ac
1212 2427 1290 2486 tota
1309 2389 1471 2499 eiusdem
1494 2413 1558 2488 ad·

163 2535 386 2614 ministratio
406 2533 586 2631 Episcopo
608 2557 648 2608 ac
668 2531 889 2608 Duumvirir
906 2529 1228 2610 committebatur.
1258 2535 1328 2614 Sed
1347 2560 1433 2615 cunt
1456 2563 1556 2615 non.

163 2668 256 2744 dum
293 2664 375 2740 satir
409 2663 449 2738 in
477 2660 785 2738 Sanitimoniales
819 2659 1115 2736 ammadversum
1143 2661 1358 2753 videretur,
1395 2661 1482 2740 Pius
1508 2663 1556 2740 V.

163 2793 209 2872 de
236 2795 294 2870 bis
319 2789 493 2867 omnibus
517 2789 649 2866 certior
679 2781 792 2862 fadus
819 2780 1003 2858 XXVIII.
1036 2781 1138 2858 Nor.
1165 2781 1392 2862 MDLth.
1419 2785 1562 2885 Bergo.

163 2917 283 2998 mensi
317 2911 498 3012 Episcopo
532 2914 654 2990 literas
685 2907 819 2998 dedit,
855 2905 984 3004 quibus
1018 2903 1246 2984 Humiliatas
1281 2910 1368 2987 aS.
1395 2905 1557 3010 Agat'bae

164 3043 302 3122 adibus
321 3037 448 3128 ciebas
471 3035 515 3110 ad
534 3029 674 3110 diversa
693 3029 878 3110 Cteoobia
902 3029 1094 3104 amandari
1115 3026 1285 3125 iubebat,
1304 3035 1453 3110 carceris
1475 3037 1561 3110 Ioco

164 3170 206 3245 io
229 3163 361 3244 iisdem
387 3153 637 3238 custodiendas
658 3183 670 3246 ;
702 3151 864 3253 aedesque
890 3153 971 3228 illas
997 3149 1178 3230 &Lucio
1202 3155 1561 3234 Sanutmontntbua

164 3294 256 3372 oct.
283 3289 422 3378 Praed,
447 3309 527 3388 qua·
550 3302 654 3361 extra
681 3278 847 3356 suburbIa
872 3276 1084 3376 degebant,
1109 3277 1282 3357 attribui.
1309 3281 1385 3359 Res
1409 3280 1454 3356 ad
1479 3281 1559 3356 exi·

166 3439 249 3498 tum
273 3413 424 3494 dedunt
448 3408 533 3501 esi3
565 3429 605 3483 ac
628 3404 665 3482 S.
686 3401 843 3499 Agatho
877 3399 1112 3479 Coenobium‘
1140 3426 1161 3479 a
1186 3402 1225 3480 S.
1252 3400 1365 3481 Lucia
1391 3403 1567 3500 deinceps·
1633 3430 1636 3440 ·

166 3543 417 3645 appellatum,
442 3559 516 3638 quo
545 3532 701 3608 nomine
726 3527 847 3603 adhuc
873 3521 1128 3622 distinguitur.
1248 3597 1253 3606 .

268 3663 373 3744 LIII.
400 3659 479 3736 Has
500 3641 795 3736 Humilimorurn
809 3647 1126 3743 Bergomenfium
1142 3651 1469 3752 domosCatalogi
1491 3675 1562 3730 no·

164 3783 228 3872 siri
255 3787 462 3868 recensent.
488 3783 631 3860 Verum
659 3779 700 3853 io
729 3773 826 3854 Petri
850 3771 896 3846 de
923 3769 1270 3870 Natalibur‘Astir,
1295 3801 1376 3876 quae
1402 3780 1441 3854 io
1470 3777 1563 3854 Ber·

167 3913 358 4019 gomensrs
390 3911 561 3993 Civitatis
596 3901 779 3981 tabulario
813 3889 1041 3991 servantur,
1074 3897 1201 3976 charta
1236 3900 1350 3978 exstat
1379 3899 1443 3976 vt.
1473 3898 1558 3997 Ian.
1638 3981 1641 3986 ,

167 4033 422 4121 MCCCLXI.
460 4037 499 4112 in
533 4057 604 4134 qua
639 4049 777 4105 novam
801 4021 1101 4098 Humiliatorum
1134 4025 1292 4100 domum
1320 4025 1562 4122 deprehendi·

169 4189 278 4248 mus:
306 4169 347 4240 In
371 4161 465 4258 burgo
485 4154 525 4234 θ
546 4154 676 4231 vicinia
696 4145 811 4242 sancii
825 4145 946 4241 desani
971 4145 1097 4244 (quod
1120 4143 1207 4220 huic
1226 4145 1397 4224 suburbio
1419 4168 1563 4224 nomen
1714 4145 1717 4154 ’

169 4318 216 4374 ex
235 4312 355 4370 vetere
381 4284 418 4361 S.
438 4281 612 4380 Stephani
633 4273 792 4354 Ecclesia
811 4271 901 4349 Ord.
925 4269 1209 4348 Prodicatoruru
1235 4295 1347 4370 prope
1370 4275 1407 4352 s,
1429 4267 1558 4370 Jacobp

171 4436 319 4518 portam
341 4409 477 4487 fadum
498 4424 573 4480 etat
584 4403 609 4498 )ζ
620 4404 654 4476 in
674 4396 864 4486 monasterio
881 4397 993 4470 domas
1011 4395 1273 4470 humiliatarum
1292 4398 1329 4470 de
1342 4395 1476 4484 dezane
1495 4401 1563 4474 dcc.

174 4551 215 4622 In
239 4541 393 4642 Capitulo
418 4525 460 4614 sd·
484 4543 644 4608 conventu
677 4521 860 4616 monasterii
894 4523 1154 4616 humiliatarum
1178 4521 1291 4600 damas
1313 4519 1431 4617 fiandie
1454 4524 1568 4598 marie

222 4675 322 4744 Tem.
347 4664 395 4738 II.
898 4643 937 4726 K
1472 4645 1511 4721 de
1537 4654 1568 4752 j
