4028 5492
490 535 564 636 328
718 541 1168 620 llnnrttasnnusr
1203 541 1568 621 Mouuuuurn

432 651 666 744 dicibusseu
692 649 918 749 suditoribus
945 673 1159 763 hujusmodi
1187 669 1377 748 occasione
1403 667 1504 746 sadis
1533 670 1590 745 vel
1617 659 1751 740 habitis
1781 677 1842 736 ne·

436 817 623 894 quaquam
645 795 891 892 obstantibus,
912 798 957 874 ab
973 797 1370 898 Archiepiscoporum‚
1390 796 1659 896 Episcoporum
1673 845 1685 883 ,
1701 789 1850 866 &alio-

406 945 528 999 ·..nrm
557 927 876 1024 quorumcumque
897 925 1190 1002 ordinariorum
1225 925 1456 1016 jurisditione
1492 919 1717 1000 omnimoda
1748 937 1853 1011 pror·

438 1041 505 1122 sus
539 1051 735 1126 eximimus
772 1053 817 1125 de
849 1051 1048 1148 apostolice
1089 1053 1318 1150 plenitudine
1354 1047 1538 1147 potestatis
1560 1043 1849 1122 :decernentes

433 1199 510 1250 -vos
534 1179 571 1251 dt
599 1173 810 1251 successores
836 1177 1013 1272 predidos
1040 1179 1076 1252 dt
1099 1177 1262 1252 eundem
1286 1173 1472 1250 Ordinem
1494 1169 1679 1259 velitum,
1703 1163 1847 1248 domos,

438 1303 559 1391 loca,
586 1303 623 1374 dt
648 1299 749 1374 bona
778 1299 891 1377 vesira
920 1305 1074 1397 predisla
1104 1298 1172 1377 soli
1199 1304 1391 1380 dumtaxat
1428 1297 1642 1374 immediate
1666 1290 1851 1366 Romano

367 1481 369 1486 -
445 1421 645 1514 Pontifici,
668 1429 707 1502 dt
729 1423 904 1504 Romane
925 1423 1084 1505 Eoclesre
1111 1427 1313 1520 subjacere3
1340 1453 1380 1504 ac
1399 1424 1591 1502 distridius
1615 1415 1848 1504 inhibentes,

450 1569 498 1620 ne
525 1549 604 1644 quis
626 1547 858 1626 Diocesanus
885 1551 1186 1630 vel'Ordinarius
1211 1553 1317 1650 super
1343 1552 1581 1640 uifitatione‚
1603 1543 1856 1633 corredione,

451 1675 805 1769 procurationibus,
843 1701 907 1756 aut
934 1703 1061 1756 earum
1088 1683 1311 1776 exadiione,
1350 1681 1424 1759 fiee
1446 1682 1530 1756 aliis
1555 1677 1726 1769 juribus,
1765 1692 1862 1788 ros,

453 1793 668 1874 subsessores
694 1801 856 1896 uestros,
883 1823 947 1880 aut
975 1805 1144 1902 personas
1166 1806 1269 1882 vestri
1283 1805 1433 1880 Ordinis
1455 1805 1625 1901 predidi,
1651 1798 1853 1893 cujuscum-

451 1942 528 2018 que
553 1921 767 2020 diguitatis,
795 1927 1130 2022 tei‘conditiouis,
1157 1949 1219 2004 aut
1247 1928 1350 2006 sertus
1374 1925 1560 2023 existant,
1596 1930 1764 2024 turbare,
1792 1931 1849 2007 vei

455 2045 676 2142 molestare,
702 2045 775 2123 lire
803 2051 841 2123 in
871 2075 936 2126 vos
962 2075 1002 2126 ac
1029 2049 1237 2132 successores
1264 2053 1382 2153 ipsos,
1409 2077 1473 2132 aut
1497 2056 1659 2148 domos,
1685 2061 1723 2136 dt
1747 2058 1849 2148 loca,

455 2179 498 2256 dt
522 2201 655 2255 eorum
683 2177 854 2274 personas
881 2179 986 2269 (decli
1004 2177 1097 2275 sorte
1125 2187 1211 2280 per)
1239 2183 1400 2281 aliquant
1426 2179 1617 2258 censuram
1644 2179 1852 2258 ecclefiasti·

451 2329 540 2380 carn
576 2295 744 2383 coercere
779 2307 1050 2408 quoquomodo
1089 2309 1330 2407 presumant.
1371 2311 1454 2390 Nos
1491 2311 1593 2385 enirn
1627 2331 1765 2384 omues
1796 2331 1856 2384 ex·

437 2434 877 2524 communicationum,
905 2431 1207 2530 suspensionum,
1233 2441 1270 2514 dt
1298 2433 1479 2513 interdisli
1507 2432 1738 2528 sententias,
1774 2459 1858 2536 quas

456 2579 593 2636 contra
620 2578 792 2635 tenorem
818 2559 1088 2656 exemptionis,
1108 2565 1146 2638 dt
1168 2559 1434 2636 hinibitionem
1460 2558 1671 2650 hujusmodi
1695 2565 1859 2660 promul-

460 2686 567 2782 gari,
593 2687 630 2762 dt
658 2680 834 2778 processus
858 2689 1065 2786 quoslibet,
1088 2713 1184 2788 quos
1212 2711 1273 2783 per
1300 2683 1549 2786 quoscumque
1577 2687 1653 2764 fieri
1675 2693 1711 2766 dt
1735 2689 1867 2766 habere

457 2812 686 2907 contigerit,
712 2836 759 2887 ex
787 2837 887 2886 nunc
912 2813 1141 2889 decernimus
1169 2813 1284 2887 irritas
1311 2815 1347 2888 dt
1377 2813 1530 2904 inaura,
1557 2817 1593 2890 dt
1621 2815 1760 2890 nullius
1792 2815 1866 2890 exi·

459 2939 554 3016 stete
583 2937 788 3016 firmitatis.
825 2943 886 3016 Ad
912 2939 1094 3016 indicium
1122 2961 1246 3014 autem
1281 2963 1304 3012 a
1328 2937 1422 3016 Sede
1449 2935 1663 3036 Apostolica
1689 2938 1801 3030 huius
1827 2939 1874 3014 li-

438 3063 616 3142 .bertatis
657 3086 820 3163 percepte
858 3065 965 3142 nobis
990 3069 1027 3143 dt
1057 3062 1309 3141 successoribus
1344 3061 1477 3141 nostris
1512 3063 1603 3140 duas
1641 3061 1751 3140 libras
1791 3068 1868 3142 auti

461 3195 577 3272 annis
605 3193 758 3290 singuiis
785 3192 997 3294 persolvetis
1024 3197 1058 3282 (t
1067 3197 1130 3290 3).
1168 3191 1356 3265 Volumus
1384 3209 1545 3282 tamen,
1574 3187 1679 3289 quod
1712 3191 1754 3264 in
1782 3215 1869 3290 que·

441 3317 654 3396 -ssionibus
679 3319 868 3417 &litigiis
895 3319 1107 3415 preteritis.
1136 3371 1182 3390 .,
1213 3339 1290 3390 tam
1319 3313 1400 3414 ipsis
1427 3315 1646 3393 Diocesanis
1673 3315 1736 3394 seu
1759 3315 1871 3394 Ordi-

475 3448 613 3539 nariis‚
635 3473 749 3545 qrratn
777 3442 879 3519 vobis
904 3444 1049 3515 ratione
1073 3439 1325 3538 dampnorum
1351 3443 1388 3517 u
1409 3437 1678 3540 expensatum,
1696 3440 1866 3540 seuque·

471 3595 634 3672 cumque
661 3576 732 3646 alia
760 3567 975 3658 occasrone‚
1001 3563 1029 3640 sr
1056 3591 1097 3640 ea
1127 3563 1290 3665 prosequi
1321 3567 1532 3660 volueritis,
1566 3565 1620 3654 jus
1647 3569 1808 3664 agendi,
1834 3571 1869 3648 dt

471 3695 697 3774 defendendi
725 3699 867 3771 ratione
897 3693 1058 3791 preteriti
1087 3694 1261 3790 temporis
1288 3685 1511 3784 reservetur,
1532 3695 1881 3789 exemptione,de·
1990 3683 1991 3702 ¹

481 3847 617 3919 creto,
653 3831 691 3904 dt
718 3821 945 3899 hinibitione
972 3819 1182 3910 hujusmodi
1219 3843 1264 3894 ex
1300 3843 1400 3894 nunc
1439 3820 1479 3894 in
1517 3843 1677 3896 omnem
1703 3843 1878 3898 euentum

476 3957 732 4050 iudiciorum,
760 3948 1052 4025 nicchilorninus
1078 3947 1117 4021 in
1145 3965 1363 4043 perpetuum
1399 3946 1438 4018 in
1474 3940 1540 4019 suo
1571 3945 1704 4020 robore
1729 3943 1880 4020 duratu-

445 4147 452 4163 .
480 4087 555 4160 ris.
594 4081 642 4157 Et
671 4079 698 4154 sr
724 4078 806 4155 disti
827 4073 1042 4166 Ordinarii,
1069 4074 1130 4146 scu
1158 4072 1248 4164 alii,
1276 4089 1337 4146 cut
1365 4065 1560 4144 vestratum
1587 4069 1792 4148 domorum
1820 4068 1878 4148 seu

444 4257 446 4260 ·
475 4217 653 4296 locorum
678 4207 923 4296 fundatores,
950 4201 1022 4279 sue
1048 4203 1273 4294 donatores,
1301 4219 1362 4275 cut
1388 4196 1636 4275 benelauores
1664 4197 1770 4274 veslri
1797 4225 1880 4278 ceu·

978 4313 981 4321 ’
1746 4313 1829 4402 sunt

521 4620 659 4678 uonna
689 4607 834 4682 Ecclesia,
859 4610 982 4672 albidas
1001 4611 1177 4672 lduruiliato·
1248 4624 1313 4684 pag.
1336 4627 1396 4676 ιη.
