3996 5762
438 331 1356 425 Antrcrarrourrustranscurre.
1473 337 1544 442 381

181 450 277 532 dam
307 455 473 538 Redoris
499 466 628 562 illius,
665 469 711 544 ad
747 496 839 570 quos
867 471 1086 570 presentatio
1113 472 1275 553 eiusdem
1296 466 1455 550 Ecclesre
1481 467 1596 565 pcrti-

181 599 283 674 net,
306 583 571 684 desiderantes,
596 594 696 692 quod
722 591 881 673 Ecclefia
908 593 981 694 ipsa
996 621 1059 696 pcr
1084 599 1228 676 Fratres
1253 593 1471 676 Monastetii
1498 589 1595 667 Om-

177 704 299 782 nium
327 709 581 809 Sandlorurn,
619 718 666 793 ad
691 743 783 818 quor
809 719 969 818 specialis
1003 743 1140 816 gerunt
1174 723 1383 799 devotionis
1416 712 1590 793 affedlum

173 849 336 926 regatur
359 835 407 912 de
431 859 577 932 cetero,
603 845 640 920 dt
666 845 778 920 etiam
806 841 1062 940 gubernetur,
1087 845 1289 945 disponunt
1317 843 1381 942 Jus
1408 863 1586 941 patrona·

173 974 272 1049 rut,
298 961 336 1036 dr
364 959 591 1056 presentandi
619 965 817 1044 Restorem
844 967 891 1044 ad
918 969 1114 1066 prediddam
1142 967 1381 1062 Ecclesrant,
1419 967 1519 1067 quod
1548 968 1592 1042 in

171 1102 221 1158 ca
250 1082 451 1179 obtinent,
478 1085 562 1184 ipsis
588 1087 807 1188 Prepofito,
831 1095 868 1172 dt
897 1091 1119 1171 Conventui
1145 1093 1257 1170 libere
1282 1093 1515 1184 concedere,
1551 1093 1590 1166 dt

168 1203 349 1302 donare,
375 1214 549 1312 quodque
574 1217 726 1296 dilestus
751 1220 789 1294 ia
814 1217 990 1298 Domino
1010 1217 1101 1319 Ugo
1124 1219 1336 1319 Propositus
1356 1218 1478 1296 Plebis
1490 1217 1588 1296 San·

168 1331 324 1410 diorum
351 1335 530 1436 Genesi,
555 1347 592 1422 δι
619 1343 739 1423 Marie
762 1346 808 1423 de
834 1345 954 1424 Sauro
980 1345 1142 1424 Miniatc
1167 1345 1260 1425 diste
1285 1349 1393 1425 dioc·
1409 1349 1497 1443 (4),
1540 1343 1587 1422 ad

168 1483 293 1560 quem
320 1461 602 1565 insliturio‚'&
628 1471 865 1551 confirmatio
892 1473 1060 1552 Redorlr
1085 1469 1243 1552 Ecclelie
1270 1472 1447 1572 prelibate
1474 1473 1584 1571 perri·

169 1607 270 1662 nere
305 1588 540 1688 dinoscitur,
576 1619 662 1672 cum
686 1596 924 1690 devotione,
956 1603 994 1674 dt
1022 1579 1215 1674 voluntate
1242 1597 1586 1674 Parrochianorum

169 1711 425 1812 predictorum
451 1737 557 1817 grato
583 1747 807 1797 concurrens
833 1719 972 1796 assensu
999 1719 1064 1817 Jus
1089 1719 1357 1814 institutionis,
1382 1725 1420 1800 dt
1445 1716 1585 1797 confir·

169 1841 361 1916 marionis
386 1843 555 1920 Redorir
580 1838 710 1940 presati
737 1843 848 1922 srmili
876 1846 994 1922 modo
1017 1842 1157 1924 eisdem
1184 1843 1377 1942 Preposrto
1395 1897 1407 1938 ,
1428 1843 1585 1922 &Cort-

170 1973 307 2050 ventui
333 1974 561 2070 concedere,
586 1978 624 2053 dt
649 1975 793 2053 donare
817 1975 999 2076 disponit.
1037 1975 1093 2053 Ita
1120 1975 1220 2080 quod
1248 1975 1292 2050 ad
1321 1970 1414 2069 ipsos
1441 1970 1580 2071 Prepo·

167 2097 363 2198 politum,
389 2101 427 2176 dt
451 2097 700 2177 Contentum
723 2099 941 2178 Monallerii
968 2099 1154 2177 Omnium
1185 2097 1406 2177 bandorum
1437 2093 1579 2194 presen-

165 2226 294 2320 tatio,
321 2223 534 2318 institutio,
558 2229 595 2306 dt
621 2223 861 2302 confirmatio
887 2224 1054 2303 Redoris
1081 2227 1182 2301 illios
1212 2219 1344 2322 absque
1370 2219 1578 2320 requisitio·

165 2375 245 2444 ne,
273 2353 311 2430 bt
337 2347 477 2427 assensu
507 2347 890 2444 parroechianum,
911 2353 955 2429 dt
982 2331 1173 2444 Preposrti¹
1201 2351 1480 2447 predidlonum,
1519 2351 1580 2426 vel

165 2475 331 2552 alicuius
354 2501 488 2554 corum
512 2476 644 2554 debeat
670 2477 850 2576 perpetuis
876 2472 1008 2551 suturis
1035 2476 1262 2574 temporibus
1287 2463 1502 2573 pertinere,
1539 2479 1579 2556 dt

163 2627 232 2703 per
266 2597 409 2679 Fratres
435 2599 544 2700 ipsius
569 2599 788 2678 Montsterii
816 2597 974 2677 Ecclesia
1012 2602 1164 2698 predilla
1203 2603 1318 2678 etiam
1353 2597 1577 2696 gubernari.

164 2725 304 2824 Quare
331 2726 438 2804 nobit
471 2725 663 2802 humiliter
701 2715 949 2821 supplicarunt
982 2747 1023 2804 ur
1058 2727 1160 2802 didlis
1185 2721 1494 2816 Parrocchianis,
1531 2745 1573 2800 ac

161 2849 391 2951 preposito,
415 2855 453 2928 &
480 2873 612 2925 eorum
638 2849 788 2927 cuilibet
813 2847 969 2926 saciendi
995 2850 1277 2940 donationem,
1312 2852 1349 2928 dt
1376 2847 1572 2926 concello

163 3001 265 3056 rtem
292 2974 528 3067 huiusmodi,
556 2971 716 3075 ipsisque
737 2971 954 3074 Preposrto,
978 2977 1016 3052 dt
1042 2971 1257 3051 Conventui
1285 2975 1511 3070 recipiendi,
1533 2979 1574 3056 dr

165 3101 387 3199 acceptandi
425 3099 596 3193 easdem3
633 3097 685 3175 Et
722 3097 867 3196 insuper
892 3099 1089 3178 Rcslorem
1128 3099 1167 3174 in
1198 3097 1295 3174 dida
1328 3080 1602 3183 Eccl'esra-cle¹

161 3225 366 3324 Fratribus'
386 3223 494 3322 ipsrus
520 3221 768 3316 Monallerii,
794 3227 831 3302 dt
854 3222 1013 3300 Ordinis
1038 3223 1236 3320 ponendi,
1269 3226 1307 3300 dt
1333 3221 1546 3302 instituendi
1560 3277 1574 3318 ,

162 3353 202 3428 dt
229 3373 318 3426 cam
349 3350 401 3424 illi
428 3348 540 3424 etiam
567 3341 782 3422 conserendi
809 3371 894 3424 cum
921 3347 1100 3426 omnibus
1123 3349 1350 3445 iuribut‚-&
1379 3353 1570 3448 pertinen·

162 3477 226 3555 tiit
242 3471 330 3551 suis
364 3471 599 3566 Licentiam,
629 3477 667 3552 bt
699 3470 912 3550 facultatem
938 3476 1136 3554 concedere
1160 3478 1445 3578 dingnaremur.
1465 3478 1570 3559 “Noc

160 3605 295 3701 itaque
321 3602 509 3697 cupientes
533 3603 573 3676 in
601 3598 670 3674 bec
696 3623 795 3699 parre
822 3600 920 3676 voris
943 3621 1075 3675 eorum
1103 3620 1292 3693 annuere,
1324 3603 1410 3702 quia
1438 3623 1567 3679 tamen

161 3731 210 3809 de
245 3728 406 3824 predidlis
433 3728 610 3804 notitiam
640 3749 717 3800 non
746 3725 950 3820 habemus,
984 3723 1203 3802 Paternr'tari
1233 3727 1384 3820 vellre,
1420 3730 1466 3805 de
1491 3753 1565 3830 qua

161 3855 359 3954 specialem
387 3853 426 3929 in
455 3849 634 3930 Domino
660 3838 830 3930 fiduciam
858 3851 1043 3948 gerimus,
1071 3851 1311 3943 aucloritate,
1339 3843 1410 3950 qua
1427 3849 1566 3950 songi-
1601 3928 1606 3937 ,

166 4007 258 4063 mur
282 3997 414 4060 tenore
448 3977 673 4078 presentium
699 3978 1004 4074 committimus,
1037 3982 1076 4058 dt
1101 3977 1353 4072 mandamus,
1381 3981 1563 4078 ,quatinus

355 4121 357 4128 ⁴
433 4127 439 4134 ·
803 4202 806 4208 .
1062 4127 1064 4135 ¹
1451 4129 1519 4182 ro·
1560 4161 1565 4172 .

166 4223 1543 4264 mmmm-n·-

165 4307 211 4385 (ς)
250 4305 319 4368 Erat
343 4289 404 4362 ¹bne
428 4297 554 4374 praepa
583 4296 655 4360 alin
674 4292 761 4372 britta
788 4295 884 4370 oppid
905 4293 1046 4372 Eccleda,
1079 4315 1151 4359 nunc
1176 4293 1351 4360 Cubcdralir
1374 4299 1497 4362 nomine
1517 4315 1565 4360 or·

202 4420 291 4472 arta.
1282 4449 1284 4454 .
