4044 5486
280 527 1428 612 Dr.Humumnosnussxreremosnmunrossus.
1470 549 1519 626 37

27 647 28 656 ‘
180 651 397 750 vestigarit,
424 659 781 760 plutin12,quaead
807 657 1015 736 institutum
1045 656 1210 734 nostrum
1233 661 1483 755 pertinerent,
1505 657 1577 732 hu·

161 779 384 860 manissime
423 787 467 862 ad
505 809 575 862 nos
600 782 788 876 submissu
827 808 874 888 ejx
907 785 1040 884 quibus
1080 809 1125 860 ne
1161 788 1200 860 io
1236 780 1461 860 immensum
1490 783 1569 858 irasc

174 904 394 985 Dissertatio
419 921 606 1003 excurrit,
631 901 806 1008 praecipua
832 911 999 1008 quadam
1026 910 1289 988 tantummodo
1310 930 1433 983 terum
1455 911 1573 1003 capita

155 1029 326 1130 -seligere
349 1033 459 1110 inuiti
487 1033 682 1130 cogimur.
710 1030 840 1132 Itaque
865 1037 901 1110 in
918 1031 1020 1138 fagia
1045 1035 1083 1108 da
1109 1036 1290 1125 Novaria,
1317 1033 1367 1108 ita
1394 1033 1435 1107 in
1462 1028 1574 1108 Cata·

173 1156 270 1254 logo
294 1157 449 1252 nolito,
477 1182 508 1236 r.
538 1165 664 1238 Domus
680 1157 837 1255 fratrum
856 1159 1156 1255 sensiissmosir,
1184 1181 1264 1260 quas
1289 1159 1402 1244 etiarn
1431 1155 1494 1235 SS.
1520 1157 1575 1233 Si·

168 1282 294 1360 monis
318 1286 354 1360 bt
381 1281 484 1379 Judae
509 1280 736 1382 frequentius
760 1284 915 1362 dicitur·
949 1282 1076 1360 Prima
1102 1284 1144 1358 in
1174 1279 1431 1358 monumentis
1456 1303 1479 1356 a
1504 1303 1566 1358 tne

27 1441 29 1452 ·
164 1403 331 1506 inspestis
357 1404 468 1496 huius
492 1406 628 1484 domus
655 1409 800 1486 mentio
827 1411 867 1485 itt
893 1407 1019 1484 charta
1057 1430 1120 1482 an.
1148 1401 1410 1484 MCCLVllI.
1437 1427 1565 1480 occur·

160 1532 246 1622 sit3
284 1555 356 1632 qua
380 1540 443 1608 Fr.
469 1535 604 1608 Olrr'cres
622 1533 660 1610 de
679 1531 798 1632 sensio
817 1533 948 1630 symone
971 1535 1181 1610 Cantvarius
1201 1528 1390 1604 Commrmis
1411 1533 1569 1606 Novaria

163 1658 413 1734 nominatur.
451 1656 558 1734 Olim
586 1661 627 1735 in
655 1655 830 1738 suburbiis
864 1659 980 1760 posita
1007 1679 1109 1736 erat:
1148 1661 1240 1736 hinc
1267 1661 1308 1736 in
1342 1655 1469 1742 charta
1496 1679 1561 1734 an.

153 1775 418 1860 MCCCXLI.
447 1785 542 1882 apud
566 1782 814 1864 Novarienses
840 1785 876 1862 S.
900 1781 1093 1882 Augustini
1119 1782 1561 1868 Sanstirnoniales·,eom·

157 1909 364 1984 memoras
392 1910 556 1986 videmus
580 1917 644 1986 Fr.
669 1913 865 1988 Ardiciaum
898 1911 937 1984 de
967 1909 1151 1985 Blandrate
1183 1909 1391 2006 Praepossrum
1416 1908 1561 1994 Ecclefiae

159 2033 397 2110 susim
411 2029 467 2118 tir.
482 2037 575 2124 Judae
599 2037 635 2112 itt
653 2033 819 2129 suburbiis
842 2027 1023 2108 Novaria.
1050 2027 1164 2106 Nunc
1183 2053 1271 2106 vero
1292 2029 1472 2107 moenibus
1498 2032 1562 2106 in·

151 2153 258 2232 etus·
282 2155 363 2236 ests
385 2158 435 2236 ln
460 2160 645 2259 Catalogo
671 2185 732 2235 an.
758 2151 967 2235 MDLXX.
992 2151 1176 2230 Fratribus
1201 2175 1338 2246 vacua,
1364 2157 1402 2232 bt
1428 2155 1561 2234 Cardi-

147 2282 240 2356 atali
260 2282 441 2358 Morono
466 2281 729 2356 commendata
753 2280 908 2356 dicitur.
946 2277 994 2352 ln
1019 2273 1302 2354 Novariettstbus
1334 2279 1469 2373 pariter
1496 2279 1558 2355 su·

147 2403 302 2494 burbiis
326 2405 443 2504 posita
460 2415 545 2507 er'at
567 2429 604 2482 a.
632 2411 761 2482 Domus
779 2401 900 2498 snalla
925 2404 1054 2500 crucis,
1081 2401 1393 2480 monibusnunc
1417 2404 1453 2478 bt
1479 2399 1556 2501 ipsa

151 2529 323 2610 inclusa.
361 2532 521 2612 Lazarus
546 2529 777 2628 Augustinus
800 2527 917 2606 Cotta
952 2532 993 2606 in
1022 2527 1132 2606 MSS.
1158 2525 1375 2628 quibusdam
1402 2527 1447 2603 ad
1474 2527 1555 2610 No.

27 2645 28 2650 Ν
150 2655 321 2736 sariense
348 2656 532 2736 Musarum
558 2655 665 2736 suurn
691 2655 976 2755 supplementis,
1001 2677 1081 2755 quae
1107 2652 1281 2730 Novaria
1306 2649 1554 2752 efferremur,

153 2787 206 2862 alt
234 2807 296 2860 an.
324 2781 532 2862 MCCXII.
556 2781 784 2876 Gregorium
817 2777 1010 2858 Besutiurn
1043 2778 1178 2854 domus
1205 2771 1350 2864 hujusce
1377 2773 1551 2873 Praeposs·

153 2929 247 2988 -tum
271 2906 397 2987 fuisse.
435 2905 654 2986 Humiliatis
680 2904 850 2980 extinliis
877 2904 976 2978 illius
1001 2901 1158 2976 redditus
1184 2897 1379 2972 Helvetico
1404 2896 1552 2973 Medio·

152 3033 302 3114 lunensi
327 3033 526 3134 Collegio,
552 3034 644 3109 ades
670 3023 893 3106 Novariensi
919 3025 1131 3102 Seminario
1155 3019 1328 3094 concesso
1353 3027 1430 3108 s).

259 3158 428 3246 XXVIl.
465 3155 666 3236 Obscurior
689 3153 772 3246 est,
806 3173 887 3252 qun
914 3147 1106 3246 sequitur,
1143 3163 1176 3240 3.
1192 3149 1328 3219 Domus
1355 3145 1392 3216 cle
1414 3147 1551 3242 porris,

158 3311 240 3388 qum
264 3289 304 3362 in
330 3284 449 3364 Catari.
475 3308 535 3360 an.
551 3276 853 3359 ,Mcccxntu
879 3279 1003 3351 Domus
1029 3281 1064 3344 S.
1083 3271 1224 3359 loannis
1257 3271 1295 3342 rie
1321 3271 1438 3348 Portis
1465 3255 1554 3346 dici-

156 3433 239 3492 tur.
265 3410 450 3488 Earndetn
469 3433 541 3507 ego
559 3405 661 3484 luisse
679 3404 835 3504 suspicor
855 3426 898 3478 ac
916 3405 1063 3476 Domum
1081 3399 1291 3489 urlaub,
1311 3395 1373 3474 seu
1394 3401 1430 3470 S.
1446 3401 1549 3484 joata-

156 3543 207 3617 ar‘r
231 3529 407 3639 Baptista,
432 3560 512 3638 quae
539 3536 650 3612 etiam
676 3533 714 3606 tle
737 3532 889 3606 Hortelso
915 3527 1189 3625 appellabatur,
1211 3525 1341 3622 cuique
1367 3520 1544 3623 Haspritase

153 3663 378 3754 Rassdsorum
409 3659 644 3751 conjnnstum
678 3673 790 3746 erat3
825 3677 937 3754 quam
965 3649 1137 3728 Novaria
1168 3643 1272 3726 fuisse
1304 3669 1351 3724 ert
1386 3649 1547 3746 pluribus

150 3784 412 3870 monumentis
435 3779 723 3862 Novarienssbus
746 3777 922 3872 eolligo;
957 3795 1108 3874 quaeque
1134 3791 1260 3850 temen
1289 3773 1328 3846 in
1354 3769 1545 3872 Catalogis

154 3913 296 3994 nolitis
325 3909 535 3988 omittitur.
570 3905 642 3983 Sed
672 3903 764 3982 illud
789 3899 944 3993 obstat,
970 3902 1070 4002 quod
1097 3899 1280 3976 Moniales
1304 3894 1453 3986 huiusce
1476 3899 1544 3976 do·

152 4064 241 4118 snus
268 4031 707 4132 incolae.Augullinianas
723 4032 822 4124 leges
841 4023 1100 4126 sequebantur.
1127 4020 1172 4099 Io
1199 4021 1324 4123 charte
1349 4031 1454 4098 enirn
1481 4043 1543 4100 an.

150 4157 428 4242 Mccccvlt.
464 4157 558 4256 apud
590 4149 836 4233 Novarienses
869 4149 907 4226 S.
933 4147 1091 4244 Agatha
1125 4144 1429 4222 sanctimoniales
1464 4144 1542 4226 haec

150 4287 360 4368 habemns:
399 4279 570 4384 Religiosae
600 4281 754 4356 Domina
781 4273 945 4352 Andreola
971 4273 1008 4344 de
1033 4267 1189 4365 Brasatis
1209 4287 1227 4364 ,’
1257 4264 1298 4352 (9
1330 4265 1538 4351 Gulielsnipa

1457 4397 1496 4472 tle

231 4592 274 4664 (a)
292 4583 438 4651 Oltrooeh.
457 4585 531 4650 Nor.
548 4583 583 4648 ad
600 4583 664 4645 vn.
681 4581 708 4643 S.
728 4577 975 4646 Ceroliensem.
995 4589 1053 4634 nor.
1072 4593 1109 4632 a.
