3996 5762
484 480 562 574 364
665 561 669 573 ,
713 473 1161 554 Huurrrarouuu
1197 453 1562 536 Mouuunura

426 601 647 680 austeritate
673 598 795 676 nostra
826 619 892 696 per
918 616 982 672 eos
1007 587 1141 668 suturis
1168 581 1396 682 temporibus
1424 579 1691 694 inviolabiliter
1715 575 1837 656 obser·

429 727 542 822 vari,
581 725 651 802 nifi
692 721 868 802 notabilis
904 715 1165 816 augmentatio
1193 717 1252 790 vel
1277 709 1482 788 diminutio
1508 709 1730 786 eorumdem
1758 729 1839 822 prof

437 874 618 932 reatuum
658 848 872 930 huiusmodi
909 843 1143 923 taxationem
1185 840 1310 940 augeri
1348 839 1407 915 rel
1443 837 1607 914 diminui
1650 831 1841 928 suaderet,

433 979 720 1056 contradidores
753 973 971 1056 addoritate
998 969 1123 1082 nostra
1156 989 1219 1068 per
1251 960 1709 1072 censuralecclesrallicas
1739 987 1842 1040 conr·

433 1111 635 1212 pascendo.
664 1107 789 1190 Telles
815 1123 940 1184 autem
967 1104 1031 1206 qui
1057 1098 1198 1180 suerint
1220 1081 1440 1192 nominari,
1470 1095 1498 1174 s1
1520 1093 1556 1174 se
1577 1094 1720 1209 gratia,
1740 1098 1840 1194 odio,

434 1241 495 1316 uel
524 1238 662 1318 timore
687 1230 964 1324 subtraxerint,
998 1226 1148 1306 censura
1175 1225 1286 1303 fimili
1314 1223 1546 1322 compellatis
1573 1224 1718 1300 veritati
1748 1221 1841 1332 tesii7

435 1361 615 1440 monium
642 1355 856 1457 perhibere.
886 1353 929 1434 D
954 1373 979 1432 t.
1000 1349 1172 1432 Cortone
1197 1349 1244 1426 V.
1270 1347 1323 1426 Id.
1345 1346 1458 1428 Mart.
1483 1344 1728 1428 Pontificatus
1756 1350 1839 1430 Do·

432 1485 534 1567 mini
561 1483 772 1562 Clementis
799 1371 961 1580 popel?-
986 1501 1092 1560 anno
1120 1478 1262 1558 tertio·
1324 1560 1328 1584 ἶ
1888 1521 1892 1526 -

538 1609 826 1714 narratum.
951 1678 956 1688 .

432 1839 735 1987 Privilegiuru
764 1849 995 1982 Neapolei
1030 1845 1235 1998 Legati,
1267 1841 1384 1948 srout
1416 1845 1601 1975 Fratres
1638 1849 1837 1979 Ordinis

466 2010 828 2124 Mediolani&
849 2009 1068 2114 Diaecesis
1104 2044 1201 2112 non
1237 2039 1460 2112 tenentur
1493 2009 1552 2111 ad
1586 2017 1809 2152 expensas

671 2181 957 2314 Legarorom
995 2177 1115 2277 ultra
1149 2177 1279 2278 suam
1314 2173 1612 2312 portionem.
1662 2290 1666 2300 ,
1808 2223 1810 2231 ·

888 2437 967 2502 apel.
988 2450 1030 2500 3¹·
1047 2427 1121 2506 Aug.
1141 2425 1188 2487 Ex
1205 2425 1279 2491 coll.
1299 2427 1392 2490 Pulla.

431 2617 781 2942 NEapoleo
819 2619 1057 2701 miseratione
1090 2563 1219 2702 diuina
1243 2620 1280 2702 S.
1305 2577 1464 2705 Adriani
1489 2607 1685 2711 Diaconue
1702 2627 1839 2710 Cardi-

640 2753 734 2826 nalis
761 2747 981 2847 Apollolicae
1005 2746 1108 2824 Sedis
1134 2741 1295 2844 Legatos
1333 2733 1472 2830 ditettss
1498 2733 1552 2832 lin
1578 2755 1731 2834 Christo
1758 2756 1841 2835 Ma·

431 2954 436 2960 ,
637 2873 750 2972 giilro
776 2871 988 2970 Generali,
1019 2867 1227 2973 caeterisque
1254 2865 1462 2990 Praepo'firie
1485 2878 1523 2954 dr
1550 2876 1737 2974 Proluit,
1764 2880 1838 2959 Ca·

430 2993 557 3092 pirolis
596 3001 632 3078 dr
665 2999 926 3104 Conuenribus
963 2999 1168 3085 domorum
1205 2999 1244 3108 dr
1278 2983 1452 3077 locuturi
1483 2991 1654 3082 Fratrunr
1679 3003 1838 3084 Ordinis

432 3117 736 3222 Humiliatorum
766 3121 1064 3230 ¹Mediolarrensrs
1105 3124 1276 3202 Civitatis
1315 3151 1357 3203 ae
1394 3119 1563 3208 Diocells
1602 3127 1758 3207 salutem
1800 3134 1839 3209 io

431 3239 635 3327 Domino.
674 3247 831 3328 Dudum
867 3249 1001 3324 diledlo
1039 3247 1078 3324 in
1105 3247 1257 3324 Chriilo
1297 3239 1467 3354 religiose
1503 3259 1584 3334 viro
1610 3257 1669 3333 Fr.
1695 3253 1839 3356 loanni

424 3373 680 3474 -deosenago
716 3373 912 3453 Monacho
948 3373 1166 3454 Monaslerii
1201 3361 1238 3454 S.
1267 3375 1447 3474 Dionysri
1484 3367 1530 3460 de
1567 3384 1686 3480 burgo
1727 3407 1841 3484 portu

429 3500 622 3576 orientalia
649 3499 862 3578 Mediolani
889 3506 942 3594 (r)
971 3499 1180 3598 Capeliano
1222 3499 1350 3584 noslro
1387 3491 1554 3581 dedinrus
1583 3489 1712 3586 nollris
1741 3517 1847 3591 litte.

431 3625 479 3701 ris
506 3625 547 3703 in
576 3626 794 3731 mandatis,
831 3645 873 3700 ut
901 3601 973 3719 ip'se
1002 3611 1240 3722 personaliter
1265 3629 1311 3702 ad
1338 3617 1519 3706 civitatem
1547 3629 1755 3712 Mediolon.
1783 3663 1842 3714 ac.

426 3726 888 3850 eedeus‚¹·procurationes
918 3751 1024 3827 nobis
1051 3749 1189 3826 debitas
1216 3751 1261 3824 ab
1287 3749 1595 3853 Arclriepiscopali
1626 3759 1754 3836 mensa
1768 3818 1781 3856 ,
1803 3767 1841 3840 dr

429 3881 608 3978 Capitulo
632 3873 866 3954 Cathedralis
894 3867 1063 3950 Ecclefiae
1078 3930 1089 3968 ,
1116 3879 1152 3952 ὅ(
1176 3876 1316 3969 Claro,
1349 3881 1547 3980 ceterisque
1575 3881 1741 3981 personis
1770 3885 1841 3965 Ee·

428 4001 629 4082 clesrailieis
657 3998 885 4076 sacularibus
911 4002 948 4076 dt
965 3997 1236 4095 regularibus,
1274 4005 1452 4100 erretuptis
1486 4009 1525 4085 dr
1552 4033 1631 4084 non
1657 4009 1841 4114 erernpris

307 4181 312 4192 .
427 4132 600 4214 Civitatis
641 4132 677 4206 dr
704 4119 873 4204 Dioresrr
909 4111 1169 4206 Mediolanen.
1212 4152 1277 4224 pro
1317 4121 1550 4209 facultatibus
1587 4141 1623 4216 dr
1663 4141 1840 4224 reditibus

427 4255 645 4334 eorumdem
675 4255 841 4349 prudenti
870 4253 1119 4330 meditatione
1147 4249 1302 4351 pensatis
1329 4257 1482 4352 provide
1508 4260 1709 4359 exigendas
1739 4291 1840 4350 taxa.

1192 4439 1197 4450 ·
1410 4469 1413 4476 ,
1711 4420 1768 4472 rei

430 4515 472 4600 (ι)
493 4527 540 4588 De
561 4519 763 4612 Mediolanensi
793 4517 822 4582 8.
842 4519 976 4596 Dionysii
993 4519 1164 4585 Morastario
1183 4524 1304 4587 diximus
1326 4527 1381 4604 sup.
1398 4549 1457 4608 pag.
1482 4555 1541 4606 ²97·
1780 4455 1792 4494 ³
