4032 5482
467 545 514 624 72
696 531 1027 610 Dissattattoms
1056 553 1226 608 saccina
1251 529 1350 606 Pana
1379 537 1532 602 atrata
1627 531 1629 539 '
1707 501 1713 532 ⁵

424 667 556 730 omnes
583 657 711 733 eadem
740 662 869 735 clarius
895 658 1145 752 testabantur,
1171 658 1323 756 ideoque
1349 649 1572 730 Cornelium
1599 639 1814 720 Fetleticutn

422 781 712 882 Bergomcnsetn
744 783 965 883 Episcopum
1001 786 1109 860 enixe
1143 782 1332 873 orabant,
1364 800 1406 854 nt
1439 787 1654 872 opportuno
1680 763 1818 840 anxilio

426 911 496 984 iilis
522 907 687 986 adesset.
722 907 869 1006 Quibus
893 911 1051 1003 auditis,
1076 910 1264 984 decretum
1289 929 1311 980 a
1335 898 1554 996 Magistratu
1589 890 1677 987 esi²
1706 903 1841 986 precra.

424 1033 610 1132 Episcopo
635 1035 884 1111 admovendas
907 1035 976 1110 esse
998 1091 1010 1127 ‚
1036 1055 1076 1110 ut
1103 1033 1333 1112 Monialinm
1360 1029 1457 1102 votis
1483 1015 1731 1098 satisfaceret.
1769 1012 1826 1092 At

422 1185 504 1235 ecce
539 1156 683 1234 XXIII.
720 1159 824 1237 Febr.
860 1157 1069 1234 MDLXV.
1106 1155 1254 1254 supplex
1288 1155 1381 1228 aliut
1414 1148 1561 1224 libellus
1594 1136 1826 1254 Magisttanri

423 1281 577 1360 offertur
617 1283 774 1357 nornine
811 1282 1014 1356 Alexandri
1049 1279 1228 1356 Colleoni
1264 1273 1475 1352 Mandonio
1521 1262 1826 1362 Ptnpostti‚'ac

424 1407 623 1482 Generalis
656 1403 955 1480 Humiliarorurn
991 1408 1031 1480 in
1065 1405 1209 1480 Veneta
1233 1405 1375 1479 ditione
1400 1395 1570 1486 vicarii,
1602 1394 1642 1466 bt
1668 1385 1828 1484 Ioannis

429 1526 529 1606 Petri
556 1529 602 1605 de
626 1527 822 1624 Captianir
846 1525 989 1603 Pisana
1020 1527 1156 1602 domus
1185 1521 1405 1623 Praeposui,
1438 1541 1548 1618 atque
1574 1515 1661 1590 hnic
1687 1512 1736 1588 rei
1764 1534 1830 1608 ge·

431 1653 557 1730 tendo
581 1652 626 1728 ab
650 1652 951 1730 Humiliarotutn
984 1649 1162 1749 Megillto
1184 1647 1340 1726 delcdi.
1378 1639 1589 1720 Nattabant
1614 1638 1669 1712 illi
1696 1656 1831 1734 nctnpc

424 1781 462 1858 S.
494 1777 653 1876 Agatha
673 1775 982 1852 Sandimoniales
1002 1799 1040 1850 re
1062 1775 1244 1849 maturius
1263 1767 1444 1868 expenss,
1465 1762 1588 1862 suique
1601 1755 1829 1837 officiieom.

426 1908 617 1998 monitae,
646 1921 812 1980 mentem
839 1895 1013 1974 mutasse:
1040 1897 1155 1974 fixum
1184 1916 1310 1972 tamen
1334 1890 1528 1988 Capriano,
1549 1881 1643 1976 esse,
1667 1879 1831 1961 caussam

429 2009 639 2109 uniuersam
664 2022 911 2126 cognoscere,
934 2041 973 2098 ut
997 2020 1023 2097 st
1044 2047 1115 2121 qua
1138 2020 1222 2100 esset
1239 2021 1473 2120 querelarum
1495 2007 1663 2100 oratio,
1685 2005 1833 2104 penittu

432 2161 663 2238 tolleretur:
694 2158 770 2236 duo
803 2159 923 2255 itaque
947 2152 1073 2242 cites,
1107 2149 1176 2248 quir
1197 2144 1263 2224 stbi
1289 2142 1430 2220 innoc
1456 2133 1612 2234 negotio
1636 2125 1830 2220 adessent.

434 2306 480 2364 nt
495 2282 762 2382 selige-rentur,
782 2274 983 2378 rogabant.
1009 2271 1157 2350 Libello
1167 2272 1392 2347 documenta
1404 2259 1654 2352 addebantur,
1672 2248 1806 2352 quibua
1820 2289 1854 2344 t·
1884 2289 1888 2301 ‹

440 2435 523 2511 quae
549 2413 588 2485 in
616 2405 764 2482 ilberto
793 2399 870 2499 ipso
901 2400 1016 2475 relata
1037 2393 1216 2485 suerent,
1248 2388 1597 2471 confirmarentur3
1633 2401 1674 2454 rc
1708 2375 1839 2474 prim

430 2563 562 2617 eorum
588 2532 779 2620 narratio,
802 2547 884 2624 qna
906 2517 1051 2596 XXIX.
1078 2517 1162 2614 Jan.
1185 2517 1445 2613 contigerant.
1471 2508 1680 2592 Culleonus,
1700 2501 1837 2610 enirn,

428 2673 513 2739 ium
541 2687 562 2736 e
585 2645 1175 2736 Sandimonialibus‘'nonnatllac
1208 2641 1291 2720 stili
1317 2640 1492 2736 penitere
1514 2627 1713 2724 ¹audisset,
1746 2625 1838 2722 Ωιτ

433 2788 595 2866 nobiom
615 2782 727 2872 adiit,
748 2777 868 2875 ibique
889 2773 1029 2872 peralto
1056 2771 1168 2848 Sacro
1181 2766 1411 2848 Coenobium
1431 2757 1651 2858 ingressuros
1671 2753 1833 2832 acreffit.

432 2911 505 2989 Sed
530 2904 705 2988 Coenobii
729 2902 879 2979 Vicetia
903 2895 1163 2972 Alexandrum
1188 2893 1292 2972 aditu
1315 2885 1530 2988 prohibuit,
1555 2885 1617 2986 qui
1638 2901 1835 2984 propterea

433 3032 572 3122 lonium
594 3030 722 3131 aperiri
736 3023 825 3122 serit
848 3048 949 3100 manu
974 3020 1128 3096 militari
1138 3071 1149 3092 .
1175 3015 1276 3094 Hinc
1294 3037 1382 3090 cum
1407 3007 1639 3106 lingularum
1663 3028 1835 3089 mentera

431 3150 709 3256 investigasset,
740 3153 904 3250 qulnque
935 3171 981 3224 ex
1010 3136 1361 3222 Sandimonialibus
1386 3131 1650 3234 preteritorum
1679 3135 1834 3227 veniam.

433 3299 615 3376 orantes,
650 3273 745 3350 velie
768 3271 804 3349 se
831 3269 878 3344 ab
904 3267 1203 3364 Humiliatorutn
1227 3258 1305 3352 jure
1326 3256 1452 3336 ‘adbuc
1480 3261 1635 3355 pendete
1669 3261 1833 3342 affirma.

436 3424 553 3494 runt;
578 3401 750 3501 reliquae,
775 3419 815 3473 ac
840 3393 985 3472 Vicetia
1012 3385 1241 3487 prasertim,
1265 3385 1426 3484 antIqutr
1452 3385 1643 3480 ophionis,
1670 3387 1832 3464 tennis.

435 3530 549 3608 simas
570 3527 606 3603 se
628 3525 881 3626 prebuerunt,
909 3518 949 3592 in
970 3539 1060 3615 quas
1080 3512 1232 3612 proinde
1245 3491 1458 3603 Alexander
1484 3509 1730 3596 anathematio
1749 3511 1832 3592 sen-

433 3655 594 3730 tentiam
616 3654 723 3728 tulit.
744 3646 860 3725 Aliud
872 3639 1005 3717 deinde
1026 3638 1294 3714 documentum
1308 3631 1534 3724 addebatur,
1554 3635 1832 3723 eorumseilicet

433 3769 627 3871 narratio,
646 3798 726 3875 qua
739 3767 865 3846 XVII.
879 3763 982 3840 Febr.
994 3757 1203 3839 MDLXV.
1223 3761 1479 3858 eontIgerant·
1502 3757 1829 3854 Caprianuaenint

432 3925 524 3978 tum
551 3899 586 3978 se
600 3899 655 3975 ‘ad
678 3897 715 3974 S.
734 3891 891 3993 Agatha
914 3881 1145 3976 contulisset,
1173 3883 1327 3981 reliquas
1351 3882 1549 3974 hortatus,
1572 3902 1612 3960 ιιι
1635 3907 1828 3980 conturna,

438 4034 533 4108 riam
563 4039 769 4128 ponerent,
791 4039 925 4094 ornnes
948 4012 1046 4088 diuo
1072 4027 1239 4106 parentes
1262 4007 1421 4101 babuit,
1452 4004 1582 4106 easque
1609 4031 1630 4084 a
1654 4009 1828 4104 Censorio

433 4155 613 4236 absolvit.
640 4153 733 4228 Hac
753 4169 839 4223 com
864 4141 916 4218 ita
939 4135 974 4214 se
997 4137 1205 4228 haberent,
1234 4129 1339 4210 XIV.
1360 4129 1487 4206 Martii
1513 4131 1750 4232 Magisltatut
1768 4139 1828 4214 de-

431 4305 533 4364 creto
567 4281 765 4364 sancitum·
783 4265 868 4360 est,
900 4283 942 4340 nt
976 4261 1217 4355 Dunmviti,
1251 4256 1381 4356 quibus
1407 4253 1720 4335 Monalieriorum
1746 4287 1832 4340 cura

433 4407 625 4488 commissa
647 4419 725 4478 etat
739 4396 815 4491 ,de
831 4409 910 4468 tota
924 4385 1212 4466 harcanslacuna
1227 4382 1414 4480 Captiano
1426 4381 1713 4476 cognoscerent.
1741 4385 1830 4483 Qua

432 4527 730 4619 tattone-caussa
748 4522 913 4626 cognitio
933 4535 1050 4619 coepra
1068 4511 1204 4612 suerit,
1230 4511 1470 4608 ignoramus.
1497 4505 1567 4588 Seri
1590 4508 1710 4584 exitus
1732 4535 1829 4596 cent

1684 4635 1780 4718 San·
