4020 5490
393 529 1324 612 Auuorurrotersosrttbsrtttrt.
1452 544 1529 626 399

167 649 342 728 tilbertus
368 652 414 734 de
441 653 610 732 Primolo
636 656 822 734 Ceuonici
858 659 950 734 diue
976 657 1137 736 Ecclefie
1164 657 1412 756 Pergameo,
1448 649 1575 728 nomi·

163 799 213 854 ne
238 775 478 878 Episcopatus
506 779 752 878 Pergameo,
781 782 989 884 Episcopoli
1011 787 1103 889 bede
1131 804 1283 862 vteuute
1307 787 1388 874 (t),
1415 799 1573 880 congro·

167 903 242 1000 grui
285 927 352 1001 pro
391 907 598 994 rifitntinne
632 907 797 990 faciendo
829 911 920 988 dide
947 909 1105 990 Ecclefie
1133 912 1355 990 Samiorum
1383 905 1504 984 Mario
1531 911 1570 988 dt

162 1023 422 1124 bartolomei,
447 1033 486 1111 dt
513 1029 705 1129 hospitalis
729 1036 850 1115 eidem
877 1033 1039 1115 Ecclefie
1063 1036 1246 1132 subiedii,
1280 1033 1335 1112 iiti
1372 1031 1476 1124 juxto
1513 1031 1567 1106 ci·

160 1155 353 1232 miterium
387 1154 548 1246 eiusdem
576 1154 737 1238 Ecclesre
775 1163 857 1255 (2),
889 1157 1003 1263 usque
1039 1163 1086 1240 ed
1122 1185 1254 1240 eorum
1294 1154 1569 1254 beneplacitum

159 1284 361 1360 voluntatis
387 1282 524 1360 ibidem
550 1283 805 1366 concederunt
830 1290 868 1364 dt
894 1289 1104 1365 concedunt
1129 1286 1315 1368 Fratribus
1329 1283 1495 1360 Heurico
1520 1281 1567 1356 de

155 1401 249 1482 Pilis
272 1405 319 1486 de
345 1405 547 1486 Certracio
574 1409 719 1506 prelato
742 1465 757 1505 ,
795 1407 964 1510 Johonui
998 1419 1046 1490 de
1071 1408 1282 1504 Buzzone,
1319 1415 1356 1488 dt
1384 1407 1565 1484 Bouomo

155 1532 202 1610 de
225 1531 448 1632 Sportitticrt
476 1536 658 1616 ambobus
682 1536 894 1617 Presbiteris
922 1539 1014 1616 diue
1041 1537 1201 1618 Ecciefie
1226 1538 1449 1616 bandorum
1477 1532 1564 1610 Mu-

155 1660 211 1737 rie
238 1664 276 1740 bt
302 1659 562 1759 Bartolomei,
587 1666 747 1744 Alberto
770 1667 817 1744 de
842 1663 1078 1763 cruentare,
1115 1664 1290 1767 Philippo
1313 1667 1359 1742 de
1385 1663 1565 1742 Grumei-

156 1786 227 1879 io,
250 1782 449 1866 Ottebnuo
472 1791 520 1870 de
546 1788 737 1885 stereon,
760 1791 972 1869 Todesebio
997 1795 1043 1869 de
1069 1792 1288 1883 celestino,
1314 1790 1487 1886 Georgio
1510 1789 1560 1866 de

156 1910 262 1998 Oxio
289 1910 484 2007 inferiori,
508 1917 546 1992 du
573 1911 713 2010 Iacobo
737 1915 783 1990 de
808 1915 947 1992 Subbio
970 1913 1148 1992 omnibus
1179 1919 1314 1990 domus
1346 1917 1391 1992 de
1416 1913 1568 1994 Rasuitb

155 2039 204 2114 de
231 2035 421 2136 Pergamo
444 2035 588 2112 ordinis
614 2038 898 2120 humiliatorum
925 2037 1183 2134 recipientibus
1207 2037 1270 2114 sue
1307 2042 1346 2114 dt
1371 2041 1465 2119 diite
1492 2041 1568 2118 Ec.

149 2161 258 2242 eiefie
285 2163 445 2240 nomine
466 2217 489 2258 ,.
511 2187 647 2240 omnes
670 2159 841 2259 fruetus,
873 2164 1065 2258 redditus,
1092 2165 1194 2241 dietis
1221 2161 1381 2240 Ecclesre
1406 2166 1564 2244 sinuo-

147 2310 234 2364 runt
261 2287 383 2367 Maris
408 2294 446 2370 br
473 2285 705 2376 bartolomei
745 2293 783 2368 dt
810 2287 982 2387 hospitali
1010 2290 1266 2384 pertinentes,
1303 2293 1559 2388 &pertiuem

148 2415 230 2510 tie,
256 2418 293 2495 δι
319 2419 569 2515 competentia
596 2415 681 2516 ipsts
705 2413 853 2494 Preiato
873 2403 1112 2494 &Fratribus
1135 2414 1227 2491 diue
1251 2417 1387 2492 domus
1410 2419 1456 2496 de
1477 2421 1558 2499 ies·

145 2539 230 2624 suin
266 2542 387 2621 eidem
413 2541 573 2624 Ecciei'te
612 2544 885 2622 convenienter
923 2541 963 2616 in
1001 2539 1212 2634 omuibus,
1250 2561 1361 2638 prout
1403 2549 1557 2650 requirit

143 2670 241 2746 ordo
266 2669 355 2760 iuris
378 2665 699 2762 deservientibus,
736 2663 799 2742 seu
839 2663 1058 2742 facientibus
1092 2663 1305 2760 desereire,
1341 2672 1380 2746 bt
1406 2670 1445 2744 iu
1473 2669 1554 2768 ipso

143 2795 321 2894 hospitali
350 2793 563 2872 tenentibus
587 2813 747 2892 quatuor
772 2791 886 2868 ledeos
910 2793 1180 2868 conuenientes
1216 2817 1285 2890 pro
1316 2793 1435 2870 tribus
1461 2821 1552 2894 pau.

143 2923 292 3022 peribus
317 2917 503 3012 infirmis,
527 2921 565 2996 de
590 2941 667 2992 une
694 2913 875 3014 persona,
899 2941 969 3016 que
997 2915 1081 3015 ipfis
1106 2914 1267 2992 infirmis
1290 2918 1428 2998 ibidem
1452 2947 1546 2998 oon·

142 3053 342 3130 seuienter
364 3045 584 3139 deservimg
621 3044 816 3142 &quibus
851 3041 1069 3144 pauperibus
1103 3041 1294 3138 infirmis,
1327 3051 1367 3124 bu
1393 3047 1552 3146 persone

138 3176 347 3269 servienti,
371 3172 437 3273 ipss
460 3171 626 3262 Prelttus
650 3171 689 3247 dt
715 3168 860 3246 fratres
881 3170 975 3250 diste
998 3170 1133 3250 domus
1159 3172 1207 3248 de
1220 3169 1365 3250 Rasulo.
1391 3195 1549 3253 teueau-

139 3324 202 3384 tur
229 3303 376 3404 prebere
403 3301 541 3376 sidium
565 3299 895 3391 convenientem,
930 3303 968 3376 dt
1001 3319 1158 3396 cetera,
1195 3319 1303 3398 prout
1340 3305 1549 3397 conuenit,

100 3445 106 3454 '
140 3426 363 3508 secedatis.
400 3425 478 3522 Qui
505 3421 674 3499 Preietos
699 3427 737 3502 dt
764 3421 909 3499 Fratres
940 3423 1033 3496 diue
1057 3424 1194 3498 domus
1224 3425 1270 3499 de
1296 3425 1452 3531 Rsiuiio
1479 3426 1545 3506 sub

139 3555 248 3634 diuus
264 3555 384 3654 pedis
408 3566 618 3646 receperunt
645 3551 683 3628 bt
710 3549 890 3646 recipiunt
915 3551 1045 3624 omnio
1073 3547 1331 3648 suprascripta,
1366 3552 1550 3652 obligan-

139 3702 198 3762 tes
223 3679 260 3760 se
293 3685 330 3759 bt
356 3679 456 3757 bono
492 3677 587 3754 diue
622 3675 758 3752 domus
789 3675 835 3750 de
860 3671 1016 3784 Ruspiio
1054 3675 1101 3750 de
1139 3675 1371 3753 obseruando
1406 3684 1542 3759 omnio

138 3807 334 3909 predicta,
363 3807 403 3882 dr
430 3804 689 3901 quodcumque
711 3825 870 3875 eorum.
907 3795 1043 3874 Prefoti
1071 3823 1160 3874 uero
1186 3799 1349 3878 Domini
1376 3805 1544 3902 Prepofi·

134 3956 229 4028 tus,
267 3927 604 4026 Arebipresbiter‚
638 3931 675 4005 dt
703 3923 890 4003 Canonici
923 3924 1028 3998 ditiis
1054 3924 1273 4002 nominibus
1295 3930 1469 4007 ordinant
1497 3935 1539 4010 iu

133 4059 353 4140 Ministrum
379 4061 419 4135 dt
443 4055 642 4132 Rectorem
666 4051 751 4126 diui
780 4045 1148 4148 boipiruiingatrem
1163 4047 1380 4146 Bonorpum
1397 4111 1412 4149 ,
1431 4081 1541 4132 oran·

135 4208 194 4266 tes
218 4211 332 4279 eum,
355 4203 398 4260 ut
423 4181 644 4277 diligentem
671 4179 708 4254 dt
734 4178 886 4274 uigilem
912 4199 1038 4250 curam
1068 4175 1200 4252 babeat
1228 4181 1267 4252 iu
1294 4181 1473 4258 omnibus
1491 4185 1539 4261 de

132 4319 294 4397 eodem
333 4306 488 4408 iusuper
526 4305 635 4384 turbe
672 4321 791 4399 partes
826 4300 930 4379 dietis
966 4301 1185 4378 nominibus
1216 4303 1537 4404 protestaremur,

1382 4435 1484 4532 quod

131 4596 182 4677 ω
195 4599 237 4662 V·
251 4598 308 4675 up
321 4611 389 4674 trs
405 4607 467 4667 str-
691 4617 694 4624 ·
855 4586 900 4665 b)
915 4587 954 4648 V·
972 4584 1032 4664 flu
1050 4603 1114 4662 res·
1132 4605 1196 4656 sss·
