4028 5492
489 491 564 590 318
715 495 1164 580 Hnurtrarottnu
1198 499 1578 588 Monnuturn‘

440 621 635 718 religionis
659 627 808 726 quidem
836 627 1019 726 geliaums
1044 630 1243 728 habitum,
1268 630 1328 708 sed
1352 661 1373 712 a
1396 633 1592 731 religionis
1618 625 1754 708 auibus
1775 624 1851 706 dis·

437 767 661 846 crepantes,
701 755 740 829 in
766 757 900 834 eodem
926 757 1059 834 ordine
1087 759 1181 857 pacis
1218 762 1348 836 amulo
1374 757 1611 858 instigante,
1652 753 1849 834 seditiones

281 983 282 986 Ν
439 877 663 976 multiplices
687 881 921 977 excitarunt,
940 887 984 962 dt
1010 882 1194 985 assumpto
1222 886 1442 964 rebellionle
1462 883 1589 982 spiritu
1614 905 1744 959 contra
1764 879 1849 960 Ma·

441 999 595 1096 gistrum
622 1001 781 1093 ejusdem
809 1006 951 1082 ordinis
976 1012 1015 1086 dt
1042 1008 1125 1086 suos
1153 1015 1312 1108 prelatos
1345 1013 1382 1090 se
1415 1014 1456 1087 in
1491 1009 1699 1110 snperbiam
1726 1029 1850 1086 erese*

441 1148 557 1221 runt,
582 1153 623 1202 ac
649 1129 846 1212 horrendis
872 1134 995 1212 abeis
1024 1131 1184 1214 nimium
1211 1136 1408 1216 exceffibus
1425 1137 1666 1238 perpetraris,
1688 1138 1845 1234 plurima

449 1253 490 1329 in
520 1255 677 1349 predisto
702 1255 833 1334 ordine
858 1256 1025 1334 scaudala
1051 1257 1294 1356 suscitarunt,
1319 1265 1358 1338 in
1382 1261 1530 1340 suarum
1551 1263 1766 1338 animarum
1790 1282 1850 1358 pe-

445 1385 628 1476 riculum,
654 1389 692 1474 dr
720 1381 829 1480 ipsius
855 1385 998 1462 ordinis
1024 1388 1233 1464 maximum
1260 1387 1528 1466 detrimentum
1554 1389 1635 1484 ωε
1668 1409 1738 1460 nos
1762 1383 1845 1484 qui·

443 1507 511 1584 bus
536 1533 621 1586 cura
647 1511 686 1587 dt
710 1505 878 1586 defcnfio
903 1509 1062 1602 eiusdem
1090 1512 1233 1588 ordinis
1259 1515 1296 1591 dt
1322 1511 1561 1608 personarunt
1590 1515 1630 1590 dt
1655 1508 1845 1587 membro·

443 1661 529 1712 rum
557 1633 664 1731 ipsius
692 1657 755 1730 per
781 1631 899 1710 sedern
921 1634 1168 1734 apostolicam
1195 1636 1486 1731 etl-commissa,
1510 1639 1646 1738 quique
1671 1635 1850 1712 ordinan-

445 1764 511 1856 di,
538 1759 741 1850 llnruendi,
767 1757 985 1841 &faciendi
1014 1789 1076 1860 per
1105 1788 1200 1859 uos,
1227 1783 1291 1842 aut
1319 1791 1381 1862 per
1408 1765 1551 1856 alium,
1571 1781 1637 1839 sut
1661 1761 1757 1836 alios
1780 1781 1850 1863 que

447 1888 494 1964 ad
518 1885 820 1978 concisionem,
858 1882 1202 1982 reformationem,
1239 1891 1505 1982 &utilitatem
1539 1889 1622 1968 diui
1650 1890 1795 1965 ordinis
1819 1891 1854 1968 dt

445 2009 704 2090 membrorum
741 2013 781 2092 dt
819 2008 1059 2107 personarum
1097 2011 1258 2105 ejusdem
1296 2018 1512 2094 noverimus
1551 2017 1774 2114 pertinere,
1811 2039 1851 2094 ac

443 2136 728 2223 oontradidores
754 2135 1071 2216 &molestatores
1108 2138 1293 2238 quoslibet
1335 2138 1614 2236 percensuram
1642 2139 1851 2218 ecclesiasti·

444 2289 529 2346 cam
556 2261 804 2362 appellatione
831 2259 1028 2360 postposita
1062 2262 1318 2368 compescendi
1357 2266 1507 2362 plenam
1541 2263 1724 2342 habemus
1748 2270 1787 2344 dt
1813 2264 1856 2342 li·

423 2393 571 2474 ueram
606 2388 856 2478 facultatem,
894 2409 976 2462 non
1013 2385 1242 2466 obstantibus
1279 2395 1477 2470 contrariis
1516 2393 1685 2486 ejusdcm·
1713 2393 1854 2471 ordinis
1986 2385 1987 2392 ‘

445 2514 773 2600 consuetudinibus
801 2519 840 2592 dt
867 2511 1016 2593 statutis,
1032 2511 1275 2604 juramento,
1311 2515 1600 2618 confirmatione
1641 2519 1735 2596 sedis
1763 2543 1856 2615 apo,-

444 2648 597 2736 stolice,
624 2644 679 2726 vel
708 2664 937 2738 quacumque
964 2635 1143 2717 firmitate
1171 2639 1243 2714 alia
1265 2639 1485 2736 roboratis,
1526 2643 1587 2723 seu
1616 2643 1641 2720 sr
1671 2644 1854 2744 aliquibus

446 2773 597 2877 predidli
621 2771 789 2864 ordinis,
816 2791 877 2846 aut
906 2767 1195 2871 quibuscumque
1223 2771 1384 2868 personis
1410 2779 1491 2854 aliis
1517 2779 1775 2879 cujuscumque
1798 2780 1849 2854 di·

446 2901 632 3002 gnitatis,
668 2894 929 2985 conditionis,
970 2896 1254 2993 premi-nentis,
1291 2903 1433 2978 ordinis
1471 2908 1528 2978 vel
1556 2905 1670 2983 status
1696 2905 1853 3002 existat,

452 3023 707 3101 communiter
733 3021 790 3100 uel
816 3017 963 3097 divisim
989 3043 1010 3093 a
1038 3017 1120 3098 sede
1146 3019 1191 3096 fit
1218 3022 1407 3100 indultum
1434 3026 1589 3121 eadent,
1613 3033 1714 3129 quod
1742 3036 1858 3113 irater,

448 3150 547 3243 dici,
574 3145 768 3242 suspendi,
796 3149 852 3226 vel
879 3147 1199 3224 excommunicari
1229 3175 1307 3226 uon
1337 3151 1471 3248 pollinr
1493 3179 1572 3254 :per
1597 3158 1741 3236 litteras
1764 3161 1857 3242 diue

447 3274 544 3354 sedis
570 3297 648 3349 non
677 3269 852 3348 facientes
879 3275 1026 3370 plenam
1054 3276 1091 3352 dt
1117 3275 1318 3371 expressam
1345 3302 1387 3353 ac
1410 3281 1456 3356 de
1483 3281 1596 3359 verbo
1623 3285 1851 3364 adverbum

311 3463 315 3470 .
449 3401 497 3480 de
522 3389 671 3484 indulto
697 3391 908 3487 hujusmodi
936 3399 1197 3492 mentionem,
1225 3423 1334 3498 prout
1362 3402 1431 3482 het
1458 3408 1497 3484 ln
1525 3410 1656 3486 litteris
1682 3409 1858 3506 aposloli,

447 3524 500 3598 cis
527 3521 631 3618 super
663 3519 737 3596 hoc
765 3515 873 3594 nobis
897 3519 1038 3596 dirodis
1077 3523 1219 3618 plenius
1251 3526 1536 3626 continentur,
1573 3531 1856 3630 desrderabiliter
1914 3583 1915 3588 =

451 3643 663 3726 affeuantes
687 3645 733 3720 de
760 3640 900 3740 prefato
925 3645 1059 3728 ordine
1087 3644 1288 3724 seditiones
1313 3653 1350 3729 dt
1370 3651 1537 3730 scandala
1567 3657 1781 3746 hujusmodi
1804 3688 1856 3740 re·

449 3793 626 3865 movere,
657 3793 698 3844 ac
723 3767 894 3866 personas
920 3767 1030 3869 ipfius
1055 3771 1197 3848 ordinis
1225 3774 1263 3849 in
1290 3777 1438 3852 caritate
1466 3777 1581 3859 solida
1609 3808 1720 3884 prout
1742 3791 1857 3868 ¹nobis

455 3899 567 3980 suerit
594 3897 755 4000 possibile
780 3897 1007 3994 confovere,
1033 3899 1190 4006 repressis
1205 3897 1347 3980 ¹eorum
1374 3907 1568 3990 conatibus
1588 3889 1615 4006 ,¹
1634 3917 1695 4014 qui
1724 3921 1853 3997 voleu-

451 4043 507 4104 tes
532 4049 578 4104 ex
605 4015 693 4122 ausu
719 4019 967 4120 consurgere,
991 4023 1137 4102 turbare
1164 4021 1297 4102 ilatum
1331 4025 1490 4116 ejusdem
1519 4037 1662 4115 ordinis
1688 4047 1852 4124 motion.

452 4173 543 4252 tur,
566 4149 776 4234 discretioni
803 4147 940 4244 vestre,
965 4173 1038 4252 qua
1062 4147 1294 4250 fungimur,
1331 4152 1545 4236 audoritate
1578 4159 1644 4240 sub
1669 4191 1769 4266 pena
1794 4192 1855 4247 ex·

1704 4301 1822 4408 cont-2

458 4387 1851 4446 Μ
1986 4431 1987 4446 ,

454 4460 501 4538 (ς)
527 4457 603 4528 Qua
622 4447 706 4512 luerit
723 4445 824 4509 mum
842 4453 991 4516 ruualrun
1006 4455 1102 4530 otim,
1126 4469 1175 4528 par
1190 4451 1379 4526 coniecturam
1397 4456 1575 4532 tapnim
1589 4463 1657 4532 vot,
1672 4471 1695 4531 ι.
1709 4467 1787 4540 ms,
1804 4477 1863 4542 pp,

489 4571 566 4618 aun.
582 4551 629 4614 X·
774 4565 778 4573 ·
