3978 5484
224 525 1385 638 DeHnnrttts.D0ntruserentMnnromlonuurosrrts.
1429 569 1500 648 ¹¹5

53 701 55 704 ·
159 682 214 734 an.
241 660 493 744 MDLXVII.
517 669 632 768 posita
657 671 912 767 intellexisset,
937 677 983 752 dc
1006 678 1125 754 domo
1143 681 1264 780 aliqua
1286 681 1327 752 in
1356 671 1429 771 ipsa
1458 675 1547 750 urbe

158 783 284 862 iisdem
311 793 540 882 concedenda
566 795 768 894 cogitasse3
798 821 878 897 quae
903 797 977 898 ipsa
1004 798 1136 878 scilicet
1163 803 1203 881 S.
1223 799 1384 899 Agatltae
1411 799 1550 874 domus

156 907 258 990 suisle
284 917 449 992 omnino
471 919 637 1013 videtut3
662 947 703 998 ac
730 925 883 1021 proinde
910 925 974 1004 sub
998 951 1161 1006 extrema
1187 947 1338 1006 tantum
1358 921 1556 999 Humilia·

155 1059 281 1117 totum
311 1061 476 1142 tempora
495 1048 599 1128 fuisse
618 1053 704 1130 illos
725 1057 763 1130 in
786 1053 890 1132 hasce
909 1056 1004 1132 audes
1022 1057 1187 1132 insessos
1204 1051 1448 1135 certissimum
1473 1049 1553 1126 est.

254 1165 435 1246 LXXIX.
460 1171 531 1250 Ha
558 1171 692 1252 scilicet
714 1196 792 1254 tota
814 1178 921 1256 ltalia
941 1201 1047 1258 erant
1067 1179 1366 1257 Humiliatorum
1386 1175 1548 1253 domus.

152 1291 218 1370 Ad
241 1293 536 1396 Neapolitanum
562 1325 653 1377 vero
676 1325 838 1396 regnum
863 1305 963 1400 quod
989 1303 1157 1394 attinet,
1188 1299 1357 1398 quamvis
1380 1296 1540 1373 Puriccl·

150 1423 221 1499 lius
246 1421 396 1503 schedas
429 1423 603 1528 quasdam
628 1427 669 1502 S.
688 1425 820 1504 Caroli
854 1449 970 1506 manu
1004 1422 1149 1524 scriptas
1173 1417 1295 1518 legisse
1331 1419 1368 1498 se
1393 1437 1546 1512 narret,

148 1549 279 1648 quibus
305 1553 368 1627 ille
393 1553 440 1626 de
465 1553 683 1630 Humiliatis
715 1579 763 1630 ex
787 1552 1040 1652 Neapolitano
1066 1573 1190 1648 regno
1213 1547 1410 1623 evocandis
1442 1545 1547 1642 cogi·

144 1675 236 1754 talle
263 1679 438 1773 videtur,
462 1684 524 1783 qui
551 1681 706 1758 sandius
732 1683 852 1758 vivere
878 1679 1124 1772 dicerentur,
1155 1674 1318 1775 duosque
1343 1697 1391 1750 cx
1415 1669 1548 1746 iisdem

142 1803 348 1881 Generalis
370 1807 666 1887 Humiliatotum
695 1809 867 1910 Magister
887 1807 1107 1902 accersisset,
1129 1809 1192 1908 qui
1212 1805 1288 1896 iam
1312 1809 1355 1883 in
1374 1803 1550 1881 insubria

141 1950 290 2022 erant3
319 1937 489 2034 quamvis
520 1936 633 2011 etiam
661 1937 702 2010 in
730 1933 915 2012 Purtcetttt
942 1936 1082 2012 schedis
1106 1935 1238 2012 Maria
1260 1933 1402 2010 Gratiae
1426 1931 1547 2008 Zam-
1686 1933 1688 1938 ’

141 2050 318 2132 beccariae
337 2056 567 2135 Florentino
586 2055 883 2134 Humiliatarum
910 2057 1254 2134 DomusPriotillae
1272 2059 1384 2133 literae
1399 2055 1545 2138 exstent

139 2203 209 2254 an.
229 2175 476 2258 MDCXLV.
503 2181 574 2254 lu.
597 2177 714 2254 Mart.
739 2181 783 2255 ad
810 2181 1046 2256 Puricelliutn
1071 2182 1202 2276 data,
1234 2185 1368 2286 quibus
1392 2203 1546 2278 narrat,

136 2309 179 2390 se
197 2366 207 2404 ,
226 2335 315 2388 cum
335 2309 489 2399 iuuenili
511 2329 617 2386 aetate
636 2311 748 2404 esset,
765 2309 1020 2389 Humiliatum
1037 2313 1234 2412 quemdam
1257 2307 1381 2384 uidisse
1401 2330 1422 2383 e
1443 2307 1544 2384 Nea·

136 2437 318 2534 politano
343 2459 460 2534 regno
486 2437 782 2527 aduenientem,
818 2459 860 2512 ac
884 2431 973 2511 XX.
996 2454 1084 2512 ante
1110 2457 1235 2510 annos
1257 2429 1539 2510 Bononiensem

139 2565 179 2644 se
204 2557 405 2634 hominem
427 2579 638 2634 narrantem
663 2557 826 2653 audisse,
849 2557 1149 2637 Humiliatorum
1170 2557 1382 2636 societatem
1408 2584 1544 2658 quam·

138 2684 229 2762 dam
257 2685 299 2758 in
324 2707 369 2759 ea
396 2683 585 2780 prouincia
617 2681 721 2776 elle,
752 2693 814 2783 qul
840 2682 1042 2758 solitariam
1069 2685 1184 2760 vitam
1218 2685 1431 2778 ducerent,
1461 2687 1555 2790 harc—

141 2813 277 2891 omnia
289 2809 489 2888 ostendunt
509 2809 687 2909 quidem,
706 2811 908 2885 hominum
930 2811 967 2883 in
984 2808 1546 2909 iisregionibuscoetutnluisse,
1651 2830 1664 2846 ·

143 2941 208 3041 qui
235 2937 471 3016 Humiliatos
492 2935 652 3026 habitu,
675 2959 718 3008 ae
741 2931 839 3009 forte
855 2937 968 3016 etiam
991 2939 1116 3036 legum
1139 2935 1406 3027 similitudine,
1431 2955 1543 3036 atque

148 3058 255 3158 ipso,
278 3060 307 3137 st
327 3065 473 3160 placet,
496 3061 658 3136 nomine
676 3053 851 3134 referrent
865 3061 954 3134 „At
982 3083 1189 3158 numquam
1213 3053 1319 3132 fuisse
1347 3061 1432 3134 illos
1453 3087 1541 3137 cnm

148 3184 373 3282 Humiliatis
406 3183 541 3261 nostris
572 3182 744 3257 societate
768 3181 1016 3273 eonjunslos,
1044 3183 1269 3284 unicumque
1303 3205 1390 3257 curn
1416 3183 1545 3259 iisdem

23 3399 26 3413 ¹
145 3337 278 3414 eorpus
302 3337 383 3387 non
408 3307 635 3403 confecisse,
665 3311 758 3386 hinc
778 3308 917 3384 constat
940 3363 954 3400 ,
983 3309 1085 3406 quod
1110 3309 1152 3382 in
1179 3311 1295 3384 nullis
1317 3305 1542 3393 eorumdem

145 3435 407 3516 monumentis
428 3434 669 3532 Neapolitani
694 3431 894 3510 Humiliati
921 3457 1101 3530 nmquam
1128 3433 1372 3530 indicantur,
1395 3435 1543 3540 illisque

147 3565 340 3658 extindlis,
363 3561 502 3640 horum
523 3559 709 3654 Societas,
733 3579 774 3636 ut
798 3560 980 3652 vidimus,
1004 3561 1122 3638 adhue
1142 3561 1264 3640 sletit.
1287 3561 1426 3644 Utrum
1448 3593 1540 3646 uero
1569 3591 1571 3598 ·

142 3692 185 3768 in
210 3690 376 3767 Siciliam
408 3681 556 3782 ingredi
586 3708 764 3784 umquam
791 3683 864 3760 sint
890 3685 1127 3780 Humiliati,
1159 3687 1249 3763 Vol.
1273 3687 1305 3764 l.
1329 3715 1414 3788 pag.
1455 3699 1543 3790 164.

143 3813 401 3914 qtraesrtirnus.
425 3809 474 3886 ln
500 3809 669 3890 Galliam
692 3808 851 3908 deniqne
874 3811 1016 3885 aditum
1044 3813 1119 3886 illis
1136 3813 1276 3908 aperire
1297 3833 1458 3890 conatus
1480 3814 1534 3889 est

142 3937 355 4016 Alexander
382 3935 450 4014 tu.
473 3936 592 4010 litetts
614 3933 660 4007 ad
685 3933 724 4009 S.
748 3931 981 4010 Ludouicum
1009 3935 1223 4011 Galliarum
1249 3933 1395 4032 Regem
1421 3933 1538 4012 Xut-

141 4061 249 4140 Nov.
272 4053 762 4149 rannemundus,
784 4083 874 4157 quas
899 4055 967 4132 sno
991 4063 1077 4134 loco
1100 4061 1288 4136 edemus.
1322 4063 1395 4138 Sed
1420 4060 1537 4138 hocce

144 4162 340 4264 Pontificis
370 4183 511 4277 optime
541 4183 583 4257 in
615 4179 849 4256 Humiliatos
880 4178 996 4257 affecti·
1028 4183 1264 4283 eonsilium,
1297 4211 1538 4290 quaestusque

145 4307 298 4396 taudem
320 4303 442 4386 caussa
466 4309 696 4392 intercesserit
718 4364 733 4405 ‚
756 4311 861 4387 exitu
883 4311 1022 4386 carne.

802 4677 955 4788 1³2,
