3978 5484
506 527 579 600 126
730 525 1178 638 Hunttraronutr
1217 527 1573 610 Monumnnra

614 791 769 883 Charta
802 795 1012 908 emptionis
1045 799 1365 888 Hrtrniliatorum
1393 793 1691 913 bratteatum.
1753 801 1757 810 '

815 973 817 979 ’
856 1026 933 1086 nn.
952 1037 978 1090 n
997 1017 1076 1080 ror.
1091 1017 1141 1082 nx
1158 1019 1260 1082 rant.
1280 1021 1357 1082 cm
1375 1016 1466 1080 narr.

517 1163 558 1240 N
583 1161 754 1241 Nomine
779 1164 973 1242 Domini.
1014 1169 1135 1248 Anno
1168 1197 1188 1247 a
1225 1171 1414 1246 nativitate
1447 1161 1593 1242 domini
1626 1157 1739 1240 nossri
1766 1157 1848 1257 Jesu
1917 1189 1920 1198 ¹

450 1163 505 1400 l
541 1286 680 1364 Christi
701 1289 902 1366 millefinto
921 1291 1125 1367 eentefimo
1143 1291 1390 1390 nonagesrnao
1401 1295 1534 1370 ostevo
1546 1289 1730 1366 tertiodie
1743 1310 1851 1364 men·

543 1412 588 1488 fis
612 1411 783 1494 februarii
810 1416 1014 1493 indidione
1041 1414 1190 1512 prima.
1226 1413 1514 1494 venditionem
1540 1414 1586 1490 od
1611 1412 1783 1488 libellum·
1805 1408 1851 1484 ad

455 1535 608 1614 solitum
636 1538 761 1618 stilum
787 1541 998 1619 faciendum
1024 1535 1190 1614 lecerunt
1214 1537 1443 1630 Romuntta,
1475 1537 1537 1636 qui
1563 1539 1695 1613 dicitur
1719 1535 1765 1610 de
1793 1535 1852 1609 ni·

438 1659 595 1760 'guarda
618 1718 630 1757 ,
655 1669 693 1744 dr
720 1665 911 1741 Arnoldus
935 1659 1047 1738 frater
1073 1661 1150 1751 ejus
1185 1661 1296 1737 ambo
1322 1665 1417 1738 cives
1442 1657 1763 1752 mediolanenses,
1793 1657 1856 1758 qui

437 1831 440 1841 -
461 1783 608 1885 proserii
630 1783 716 1862 sunt
735 1790 816 1884 lege
838 1790 958 1866 vivere
978 1785 1294 1885 longobardorum
1322 1790 1402 1877 (t),
1428 1783 1476 1860 ln
1501 1781 1678 1861 sunonem
1702 1789 1759 1875 (2)
1780 1805 1857 1882 pre·

456 1909 577 1982 latum
609 1911 912 2006 congregationis
935 1907 1092 1988 fratrum
1117 1912 1161 1986 de
1187 1908 1310 1986 braido
1335 1906 1525 2005 quondam
1550 1909 1688 2003 guercii
1715 1907 1764 1985 de
1790 1905 1850 1982 bt·

455 2033 568 2128 dagio
595 2035 829 2130 recipientem
858 2036 903 2111 ad
928 2059 1066 2134 partem
1088 2039 1125 2114 dt
1145 2037 1348 2112 utilitatem
1373 2033 1529 2131 predidle
1553 2033 1858 2132 congregationis

455 2157 691 2233 nominative
715 2156 761 2234 de
788 2154 888 2256 petia'
907 2183 982 2236 uno
1011 2178 1104 2236 terre
1131 2158 1271 2249 jacente
1297 2159 1338 2233 in
1365 2153 1503 2255 prefata
1522 2155 1672 2236 braida:
1702 2157 1858 2247 eohetet

456 2285 490 2362 ei
513 2309 534 2360 a
554 2309 667 2362 mane
689 2286 873 2364 marchisri
894 2287 940 2362 de
962 2287 1170 2382 niguarda,
1196 2309 1218 2360 a
1237 2282 1392 2373 meridie
1411 2279 1599 2358 aceeffiunt
1625 2284 1707 2379 (3),
1735 2307 1757 2358 a
1779 2281 1856 2361 sero

457 2413 494 2486 dt
521 2431 654 2486 monte
679 2409 786 2506 ipsrus
806 2407 1132 2502 congregationis;
1158 2411 1196 2482 dt
1214 2406 1266 2480 etl
1287 2406 1421 2501 pertica
1443 2429 1544 2496 una;
1568 2411 1606 2483 dt
1633 2404 1661 2482 st
1687 2407 1770 2503 plus
1794 2407 1849 2483 in·

458 2527 652 2610 veniretur
678 2537 773 2610 intra
799 2531 888 2628 ipsas
912 2529 1175 2621 coherentias,
1205 2529 1246 2604 in
1274 2529 1346 2602 bae
1371 2548 1592 2625 permaneat
1623 2529 1847 2608 venditione

455 2679 502 2731 eo
528 2675 656 2734 tenore
683 2677 724 2734 ut
752 2654 889 2731 amodo
916 2645 1090 2728 inantea
1118 2649 1190 2749 ipse
1216 2651 1303 2726 suzo
1330 2653 1367 2728 dt
1392 2651 1469 2742 ejus
1495 2651 1669 2732 succeffor
1698 2655 1744 2734 ad
1771 2681 1848 2754 par·

458 2801 534 2857 tem
563 2781 670 2879 ipfius
695 2778 998 2874 congregationis
1025 2775 1159 2852 habere
1183 2781 1221 2854 dr
1249 2795 1375 2856 tenere
1397 2769 1667 2879 debear'ipsam
1690 2803 1820 2862 tertam
1834 2835 1846 2877 ,

459 2911 495 2984 dt
523 2903 639 2980 facere
663 2905 799 2980 exinde
823 2929 909 2979 cum
937 2904 1119 3000 superiore
1144 2907 1181 2980 dt
1208 2899 1407 2998 inferiore,
1433 2903 1494 2980 seu
1512 2929 1599 2982 curn
1626 2905 1703 2986 fine
1731 2913 1768 2988 dt
1793 2933 1847 2986 ae·

452 3029 613 3110 cesstone
638 3029 699 3105 lua
830 3025 998 3104 libellarii
1027 3026 1183 3103 nomine
1210 3028 1384 3126 quidquid
1410 3029 1567 3104 voluerit
1594 3027 1674 3106 line
1698 3051 1841 3109 eontra·

455 3156 618 3231 diilione
644 3151 805 3250 ipsorum
828 3151 998 3228 Romani
1026 3154 1063 3226 dt
1088 3149 1232 3225 arnoldi
1253 3147 1408 3226 fratrum
1428 3154 1616 3229 &eorum
1637 3154 1840 3251 heredum,

452 3276 631 3356 solvendo
657 3272 810 3351 solitum
834 3272 961 3352 fidum
985 3275 1094 3348 omui
1120 3294 1248 3365 anno,
1273 3275 1312 3350 dt
1336 3271 1643 3374 promiserunt&
1669 3283 1842 3460 gfflim

1762 3406 1800 3459 e.
1823 3439 1826 3448 .

453 3551 493 3623 (ι)
511 3551 571 3610 Diu
585 3552 630 3610 bic
645 3569 704 3610 mor
724 3551 753 3608 in
772 3551 849 3610 ltalia
861 3554 997 3623 invaluit,
1016 3571 1045 3614 nr
1064 3557 1134 3617 aliae
1207 3557 1319 3627 iudleilr
1337 3562 1421 3634 usur,
1449 3585 1501 3641 qua
1521 3569 1579 3644 lege
1596 3571 1753 3642 viverent,
1779 3569 1848 3633 tull·

483 3651 534 3709 alii
553 3651 629 3722 leges
647 3649 845 3722 sequerentur,
871 3669 951 3724 prout
978 3657 1075 3730 cuique
1092 3659 1129 3716 li·
1200 3674 1290 3717 eare.
1317 3663 1412 3736 ltaque
1430 3665 1575 3728 Romanus
1597 3667 1629 3728 ἃ
1648 3669 1789 3732 ernoldus
1806 3670 1843 3732 de

484 3748 575 3810 brer.
591 3747 645 3807 Sed
663 3749 818 3809 Romanurn
828 3751 1023 3822 preceteris&
1041 3754 1136 3814 Galli·
1209 3755 1359 3830 Nigverdo
1375 3759 1620 3834 hngnbardorutn
1634 3766 1723 3840 legem
1738 3767 1808 3842 sequi
1824 3765 1846 3824 le

485 3866 546 3908 earn
574 3846 604 3911 dt
630 3845 872 3918 Langobardorum
907 3848 978 3920 leger
1006 3849 1129 3922 plerique
1202 3853 1380 3926 profitentur.
1403 3861 1440 3920 V.
1461 3862 1510 3920 bac
1529 3861 1563 3920 de
1582 3881 1611 3922 re
1627 3861 1766 3924 Mutetur.
1784 3867 1845 3922 Art·

487 3947 678 4021 sequebanrnn
699 3945 760 4003 blan
774 3944 921 4018 postremas
934 3947 1129 4019 omniumpri·
1201 3957 1296 4026 tiquir.
1316 3955 1388 4014 Ital.
1407 3955 1447 4016 t'.
1466 3959 1506 4016 ll.
1520 3975 1585 4030 pag.
1607 3979 1665 4030 ⁸33·
1684 3961 1738 4022 &n

485 4063 547 4104 mur
560 4044 702 4105 Rorharis
723 4041 963 4114 Langobardorum
980 4059 1029 4100 rex
1045 4043 1133 4115 diges-
1169 4047 1211 4120 (a)
1231 4051 1305 4108 ldem
1323 4051 1503 4126 probabiliter
1521 4073 1555 4113 ae
1572 4059 1645 4117 Suzo
1664 4061 1714 4119 ille
1732 4059 1842 4131 degutt-

482 4141 578 4210 ierat,
602 4141 653 4199 alil
672 4137 791 4206 eiusdem
810 4137 901 4209 gemit
929 4137 1021 4209 Reges
1037 4158 1129 4198 arnen-
1201 4163 1269 4214 nur.
1287 4167 1367 4221 quam
1383 4151 1412 4208 in
1426 4153 1521 4212 charte
1538 4173 1582 4214 au.
1600 4157 1838 4220 trenxxvltt.

482 4239 605 4308 darant,
635 4237 752 4296 Carolus
774 4238 815 4294 Μ.
837 4235 946 4308 ejusque
972 4237 1131 4300 succeliotet
1203 4262 1446 4307 commemoratum
1465 4251 1601 4312 vidimus.

482 4349 635 4395 auxerant.
653 4333 726 4390 Coro
744 4347 835 4390 autent
853 4347 889 4390 ex
906 4333 966 4406 lege
985 4333 1031 4394 lua
1048 4335 1124 4404 iudi·
1159 4337 1204 4414 (t)
1224 4341 1314 4402 Locus
1331 4341 1463 4414 scilieet,
1487 4363 1535 4417 oet
1555 4367 1640 4423 quem
1654 4355 1769 4414 eceeffue
1793 4353 1839 4417 sen

480 4432 583 4496 candus
593 4425 770 4502 unusquisque
777 4425 861 4497 effer,
879 4431 1073 4494 consueverant
1088 4439 1124 4496 iis
1195 4439 1287 4498 aditur
1306 4457 1395 4511 potet.
1415 4444 1507 4504 Miror
1524 4445 1596 4508 bane
1614 4469 1712 4514 rocem
1729 4455 1759 4516 in
1773 4453 1845 4518 cav-

478 4531 582 4594 dmrrlt
596 4569 606 4602 ,
635 4543 749 4600 quarum
777 4527 878 4600 eliquia
899 4531 954 4593 elle
981 4533 1069 4607 pollet
1098 4537 1128 4596 ln
1199 4541 1241 4612 gli
1261 4539 1403 4603 Glolsarin
1422 4541 1581 4604 defiderart'.
