3996 5762
477 428 559 506 404
949 411 986 486 A
1012 427 1040 482 n
1067 427 1096 482 t>
1122 431 1146 484 u
1173 429 1199 482 u
1228 428 1256 481 n
1282 425 1329 479 u.

432 533 530 624 nori,
556 527 598 610 lt
622 535 785 611 commodo
808 535 966 628 ceffuram
984 531 1197 633 speramus..
1214 537 1263 606 Et
1286 531 1452 619 eum-fide
1476 529 1647 629 dignorum
1672 524 1833 604 relatione

429 660 633 756 percepimus
657 659 842 758 hujusmodi
867 660 1024 758 Capitula
1044 651 1086 734 lt
1098 658 1368 758 Congregationes
1392 655 1436 731 ad
1448 655 1756 755 Proponamus.
1766 661 1834 728 Ce-

436 789 557 862 lemeri
582 805 681 864 extra
701 803 838 890 portam
861 799 1063 864 Romanam*
1076 783 1163 860 dille
1188 782 1290 868 nollre
1311 769 1688 858 Civitatirssretroallis
1712 795 1837 878 tempo·

436 913 528 990 ribus
546 917 632 1004 fieri
655 911 874 1010 eonsueviffe,
899 907 1083 990 bertnmm'
1098 905 1140 990 ὕ
1165 903 1345 1010 impendero
1358 906 1491 1007 quidem
1514 929 1689 984 oneramus
1713 911 1753 980 t.
1778 913 1834 999 V,

437 1057 476 1112 eet
502 1042 696 1138 Capitulum
719 1043 827 1137 ipsum
850 1037 959 1114 eodem
985 1039 1020 1111 in
1044 1037 1110 1112 loc'o
1134 1038 1225 1110 omni
1256 1033 1393 1130 subltta
1416 1030 1674 1108 contradidlione
1703 1025 1837 1122 facien·

438 1167 518 1242 dum
542 1183 686 1258 curent,
721 1189 761 1238 ne
784 1183 886 1241 vetus
909 1161 978 1263 ipse
1004 1189 1043 1237 ac
1067 1160 1247 1238 laudabilis
1278 1187 1348 1241 mos
1383 1172 1482 1243 dtate
1516 1157 1622 1245 nolim
1647 1155 1834 1250 exolescat,

435 1303 501 1364 out
526 1289 747 1384 immutetur,
773 1290 817 1366 ad
841 1287 1039 1388 beneplacita
1064 1283 1174 1371 velim
1198 1281 1239 1364 lr
1264 1285 1435 1384 religionis
1458 1284 1556 1380 ipssus
1581 1283 1673 1359 decus
1699 1279 1740 1360 θ’
1766 1309 1836 1358 ant·

435 1413 635 1518 plitudinem
659 1439 715 1490 nos
738 1428 902 1514 promptos
929 1409 1127 1512 paratosque
1157 1409 1344 1502 offmsntts.
1381 1414 1440 1484 Ex
1465 1409 1650 1508 Vn'glconeo
1675 1409 1830 1488 XVIIII.

348 1523 366 1534 ”
438 1537 631 1614 Decembris
661 1535 768 1635 1468.
1281 1593 1286 1602 ·
1625 1549 1629 1556 '
1720 1551 1724 1558 “

437 1711 442 1722 ·
545 1671 623 1764 Pag.
651 1688 731 1760 150.
757 1669 904 1742 linuit.
942 1669 1009 1742 Cbr
1034 1668 1118 1742 lieta
1143 1693 1183 1740 ne
1207 1663 1286 1753 relib
1303 1655 1374 1765 ¹pisi
1397 1663 1503 1742 d’una
1528 1659 1685 1752 cbiubre.
1721 1663 1835 1739 Adde.-

436 1783 645 1860 Enimvero
670 1785 878 1860 Torchium
906 1787 1017 1864 initio
1052 1787 1274 1866 adsuetum
1309 1809 1431 1862 mores
1468 1787 1721 1864 emendandos
1746 1787 1832 1865 stre'-

442 1931 517 1984 erue
545 1905 778 2002 incubuisse,
814 1935 860 1986 ex
885 1909 1043 2000 ejusdem
1069 1909 1207 1988 Codice
1232 1912 1465 2010 colligimus,
1491 1932 1604 2008 quem
1631 1913 1670 1987 iu
1697 1908 1831 1990 Pluin-

440 2035 544 2110 tione
571 2034 616 2108 ud
644 2033 695 2108 ΙΙ.
721 2032 808 2110 Vol.
833 2029 1232 2112 commemoravimus.
1259 2035 1316 2112 Ibi
1343 2037 1450 2113 enlm
1466 2033 1667 2134 postquem
1696 2059 1777 2134 pag.
1796 2056 1831 2135 3.
1962 2133 1963 2136 p

438 2160 658 2236 clodionem
685 2155 786 2234 luam
815 2157 872 2232 hie
899 2155 1014 2233 verbis
1043 2160 1226 2235 narraris:
1251 2161 1318 2234 Die
1348 2180 1381 2234 1.
1404 2165 1493 2258 sept.
1522 2175 1630 2256 1533.
1647 2155 1712 2252 fui
1735 2159 1831 2258 depu-
1962 2177 1963 2246 ς

438 2299 535 2356 lalus
565 2281 722 2380 Magister
748 2282 921 2355 Generalis
957 2283 1061 2358 ratlur
1084 2283 1220 2358 Ordinis
1245 2286 1502 2364 hunaliaearum
1525 2287 1732 2364 melanem
1757 2313 1832 2388 apo.

434 2403 573 2495 lbols'co,
601 2423 638 2478 ut
662 2408 764 2502 patet'
784 2433 825 2478 eu
849 2405 945 2480 brevi
956 2406 1153 2504 Apollolico,
1179 2407 1296 2484 subdit
1322 2413 1448 2508 paullo
1475 2411 1575 2511 poll:
1603 2418 1671 2491 Die
1684 2437 1743 2516 23.
1756 2419 1829 2496 Oli.

430 2523 657 2624 suprascripti
682 2529 764 2600 anni
786 2546 1015 2626 congregatum
1039 2529 1116 2625 fuit
1139 2535 1331 2630 Capitulum
1368 2541 1404 2615 in
1428 2541 1575 2618 domibus
1595 2547 1743 2644 propriis
1765 2554 1830 2622 Ca·

435 2654 569 2744 nonies,
594 2658 629 2727 in
655 2681 715 2748 quo
741 2651 963 2748 interfuerunt
988 2665 1049 2735 26.
1072 2660 1232 2756 prelati.
1258 2712 1269 2735 .
1294 2715 1304 2738 .
1331 2718 1340 2740 .
1362 2665 1536 2765 protellati
1557 2667 1638 2764 [unt
1659 2673 1750 2748 velle
1770 2675 1828 2750 vi.

438 2802 520 2850 vere
545 2781 768 2878 regulariter,
793 2775 834 2858 lt
853 2780 942 2879 julla
966 2783 1092 2857 ordinis
1117 2775 1270 2870 instituta
1282 2816 1298 2876 ,·
1323 2813 1387 2884 qua
1407 2792 1636 2890 prmesletime
1660 2797 1716 2884 ssc'
1729 2797 1829 2894 sebia
1962 2769 1963 2822 Ξ

433 2902 607 2999 publicavi
627 2927 690 2998 pro
714 2904 788 2978 bono
813 2903 912 2976 initio
936 2901 1183 2998 reformationis
1214 2909 1452 2998 comitatiores
1483 2919 1681 3016 duodecim,
1717 2923 1829 3020 quibus

434 3025 532 3103 iuliis
560 3023 602 3107 ὼ·
623 3029 799 3128 publicatis
820 3031 979 3106 dixerunt
1004 3058 1114 3108 omnes
1138 3037 1229 3110 velle
1253 3039 1335 3113 illas
1357 3039 1532 3135 observate
1563 3047 1662 3144 probet
1693 3049 1828 3145 jacent.

435 3149 538 3248 Qun
564 3153 678 3230 etiam
706 3152 949 3232 ut'efficucius
977 3158 1190 3234 emende'tio
1216 3183 1443 3258 urgeretur,
1480 3186 1673 3246 externam
1717 3195 1825 3268 opem

432 3301 541 3382 atque
568 3284 823 3360 uudoritecem
852 3281 1036 3358 Torchius
1063 3282 1231 3364 adscivit.
1268 3287 1329 3362 Sic
1353 3293 1458 3366 euim
1494 3317 1573 3390 pag.
1599 3292 1634 3368 8.
1673 3299 1828 3396 Die·24

424 3411 507 3492 lan.
540 3403 580 3504 1⁴5
586 3429 645 3507 34
672 3406 795 3501 cancelli
822 3407 1012 3482 Licentiam
1045 3403 1085 3484 di
1109 3410 1256 3492 commisi
1277 3415 1473 3510 Magnificis
1500 3421 1547 3490 D.
1573 3419 1753 3516 Capitoneo
1772 3421 1831 3520 ju.

427 3527 519 3618 llitie
545 3529 596 3610 d·
609 3535 735 3628 pretori
760 3531 976 3622 Mediolani,
1013 3529 1054 3614 tu
1077 3533 1221 3610 omnibus
1245 3537 1437 3625 offitiulibus
1468 3539 1544 3634 sctis
1579 3549 1836 3640 apprehendendi

308 3645 318 3664 ⁴
424 3655 560 3750 fratres
584 3659 756 3748 Ordinis,
782 3657 821 3743 ’β
841 3659 877 3728 in
904 3653 1219 3754 bobiluinbunello,
1245 3656 1287 3738 di
1310 3667 1349 3738 in
1371 3671 1456 3742 Loco
1480 3667 1665 3763 imbuta,
1692 3666 1734 3748 li
1757 3689 1833 3752 trent

388 3859 390 3864 ,
431 3785 543 3858 armis
568 3785 799 3880 reperiantur·
833 3781 975 3856 Ibidem
1004 3805 1084 3878 pag.
1109 3803 1167 3858 10.
1196 3783 1397 3864 habemus:
1426 3793 1491 3866 Die
1518 3816 1578 3892 24
1605 3801 1687 3895 Ape.
1721 3821 1831 3900 1535.

425 3905 496 4008 feei
519 3910 734 3984 monitionem
761 3909 965 3983 Reverendr's
990 3909 1147 3984 Dominis
1173 3912 1345 4008 Prcpols'tis
1377 3909 1418 3992 dt
1442 3919 1623 3994 Fratribus
1648 3929 1810 4023 Bergorm‘
1820 3983 1833 4021 ,

429 4062 469 4110 ree
495 4035 658 4116 auderent
676 4033 712 4105 in
737 4031 865 4121 domo,
901 4057 957 4104 net
988 4039 1087 4102 es'ctra
1115 4033 1230 4106 domos
1266 4035 1409 4112 detincre
1444 4043 1601 4119 mulieres
1633 4046 1829 4144 suspselios.

429 4159 503 4238 sed
530 4159 619 4234 illud
649 4155 823 4252 precipue
851 4150 1254 4250 animadvertendum,
1294 4159 1393 4258 quod
1419 4162 1465 4237 nd
1488 4167 1640 4263 duplicis
1667 4197 1740 4247 rma
1770 4203 1828 4250 ea-

429 4287 590 4382 demque
615 4282 673 4354 die
701 4279 797 4359 Sacri
825 4276 1111 4355 celebrationem
1132 4282 1321 4376 pertinet.
1362 4283 1540 4366 Videmus
1565 4297 1666 4368 euim
1697 4324 1757 4395 per
1781 4326 1827 4377 eo

429 4431 597 4510 tempore
621 4399 848 4482 Generalem
873 4395 1184 4480 Humiliutorum.
1201 4401 1419 4510 Magistrum
1458 4411 1494 4488 id
1527 4411 1591 4490 lubi
1619 4417 1830 4521 lurnplulie,
1962 4489 1963 4524 ,

1738 4565 1782 4625 ut
