3990 5490
423 515 1336 600 Aurora-tronumincorr-narr.
1457 539 1527 596 aar

181 623 281 727 Dei,
303 635 341 713 bt
362 633 563 718 beatorum
588 639 686 719 Petri
711 643 873 722 &Pauli
896 643 1166 744 Apostolorum
1192 645 1270 738 ejus
1296 645 1331 722 se
1360 647 1504 720 noverit
1525 645 1579 720 io·

177 757 392 840 cursurum.
441 766 587 848 Datum
620 769 795 872 Lugduni
834 771 938 854 sexto
965 773 1025 854 ld.
1053 772 1157 853 Febr.
1186 768 1432 854 Pontificatur
1464 769 1579 848 uoliri

176 909 279 966 auno
305 893 467 992 quinto.

171 1103 473 1243 Privilegirrm
508 1113 629 1248 quod
657 1116 1022 1253 archiepiscopus
1058 1151 1153 1220 oon
1175 1115 1290 1216 linat
1319 1143 1569 1246 aggravare

424 1275 589 1379 fratres
622 1277 758 1411 super
792 1275 936 1380 fodris
970 1279 1034 1380 bc
1067 1276 1314 1378 collectis.

621 1494 699 1558 ¹²⁴⁸·
719 1505 761 1559 ις.
781 1487 852 1548 Dec.
870 1487 916 1548 Ex
934 1485 1006 1548 bibl.
1024 1485 1117 1548 Btald.

220 1647 456 1730 Noorcotiur
490 1645 689 1749 Episcopus
724 1648 847 1729 servus
885 1650 1075 1730 servornm
1108 1648 1184 1730 Dei
1223 1645 1422 1730 venerabili
1464 1642 1569 1728 fratri
1696 1735 1700 1744 ,

131 1817 134 1822 ·
247 1771 533 1875 Arcbiepr'scopo
559 1777 816 1855 Mediolanen.
843 1783 898 1872 (t)
924 1779 1079 1856 salutem
1107 1781 1146 1858 bt
1177 1777 1416 1878 apostolicam
1451 1775 1564 1854 bene·

196 1929 201 1936 ·
243 1903 468 1982 diiiionem.
502 1903 562 1986 Ex
586 1927 689 2005 parte
714 1907 933 1987 dileiiorurn
960 1906 1128 1986 filiorum
1155 1907 1317 2007 magistri
1343 1913 1380 1987 bt
1401 1904 1560 1984 fratrum

149 2023 313 2104 ¹(inlinis
341 2031 629 2108 humiliatorum
657 2033 698 2107 in
723 2029 947 2108 Lourbardie
975 2033 1081 2106 nobis
1107 2029 1159 2107 est
1196 2033 1366 2109 intimata
1388 2034 1562 2132 querela,

157 2157 261 2256 quod
286 2155 535 2254 licet.ips1·rle
561 2157 753 2249 colleiiis,
786 2180 857 2252 que
882 2158 1021 2232 clericis
1046 2155 1272 2233 Lombardie
1296 2153 1454 2233 Ecclesre
1480 2157 1562 2234 Ro-

148 2301 267 2356 mane
295 2282 452 2354 nomine
481 2281 754 2374 imponuntur,
779 2295 921 2375 partem
950 2301 1017 2376 pro
1044 2299 1146 2374 rata,
1172 2303 1243 2378 que
1269 2282 1455 2380 contingit
1478 2278 1560 2356 eof-

146 2404 268 2498 dem,
294 2403 433 2482 solvere
460 2403 533 2480 lint
560 2403 697 2500 petati,
724 2401 975 2478 nibilominus
1002 2423 1127 2478 tameo
1155 2401 1221 2500 ipsa
1257 2403 1302 2480 ab
1329 2402 1557 2499 imposituri·

145 2529 472 2608 &recollecturum
501 2525 660 2626 ipsarum
686 2527 783 2603 ultra
809 2545 949 2626 partem
980 2527 1072 2628 ipsos
1097 2532 1385 2627 contingentem
1423 2533 1465 2608 io
1492 2551 1555 2608 ex·

144 2654 319 2734 bibendis
352 2652 512 2732 correctis
550 2652 687 2732 eisdem
725 2671 856 2730 contra
893 2651 1067 2741 iustitiam
1106 2676 1378 2754 aggravantur.
1419 2652 1547 2756 Quare

145 2780 341 2859 humiliter
366 2781 553 2876 petierunt
588 2776 651 2854 fibi
689 2801 752 2874 per
785 2777 858 2854 hoc
891 2777 936 2854 de
972 2773 1208 2873 benignitate
1235 2779 1326 2856 sedis
1353 2761 1550 2876 apostolice

142 2905 430 2986 misericorditer
457 2901 663 3000 provideri.
701 2897 880 2998 Qrocirca
907 2901 1127 2981 fraternitati
1159 2927 1220 2980 rue
1260 2929 1321 3004 per
1348 2904 1549 3002 apostolica

144 3033 275 3134 scripte
303 3029 548 3120 mandantur,
573 3047 779 3125 quatenus,
807 3029 834 3110 st
862 3023 910 3106 est
938 3032 1021 3122 ita,
1060 3031 1235 3126 predictos
1272 3029 1483 3129 magistrum
1514 3037 1551 3111 bt

140 3157 273 3238 iratres
304 3157 407 3258 snper
435 3151 610 3254 premitus
646 3178 668 3228 e
706 3151 851 3251 prefatis
889 3155 1165 3252 imposrroribus
1202 3175 1331 3231 contra
1366 3156 1543 3244 justitiam

141 3287 361 3385 aggravari,
386 3279 669 3358 commutatores
695 3299 756 3376 per
780 3275 968 3355 censuram
991 3277 1263 3356 ecclefiasticam
1290 3283 1540 3376 appellatione

140 3411 336 3510 postposita
363 3401 653 3504 compescendo.
690 3397 781 3481 Dat.
803 3399 979 3500 Lugduni
1006 3427 1113 3482 nouo
1140 3403 1213 3480 kal.
1232 3399 1318 3499 Jatt.
1351 3407 1408 3496 (2)
1437 3401 1538 3481 Pon·

143 3537 300 3616 tificctur
329 3532 438 3608 nostri
467 3553 571 3604 anno
598 3525 733 3604 sexto.

148 3640 159 3740 ,¹
241 3666 339 3765 tigit.
366 3663 403 3737 rie
428 3687 541 3738 more.
1414 3656 1493 3736 Pri.

138 3829 178 3900 (ι)
199 3817 436 3902 Meliolaoenlnrr
463 3812 612 3874 recusum
630 3831 680 3885 per
700 3814 728 3871 id
748 3823 818 3870 terte·
891 3813 999 3884 ciscano
1017 3811 1116 3880 editis,
1142 3831 1209 3885 quta
1228 3813 1313 3871 etiam
1340 3789 1538 3874 miramon}

137 3923 142 3932 '
168 3921 348 3999 praetegebat
369 3915 666 3984 reueodeperego
694 3927 731 3969 ex
747 3908 818 3969 Otd.
894 3911 939 3969 Cl.
958 3911 1081 3982 Julioiut
1111 3914 1216 3981 (Mem.
1233 3909 1274 3968 T.
1290 3912 1366 3968 VIII
1390 3930 1446 3978 aaa
1478 3910 1541 3980 ro.)

141 4017 145 4028 '
169 4013 280 4082 Minor.
306 4017 402 4084 illoc,
427 4033 491 4074 curn
514 4011 738 4084 Merropolitrner
766 4009 817 4066 Eo-
893 4009 958 4069 ferit
977 4011 1080 4068 conitar
1107 4009 1228 4067 eliaenrli
1264 4007 1470 4080 Archiepllcopi
1491 4027 1542 4080 po-

169 4120 259 4183 elcfiae
267 4116 402 4177 Cnoooici
415 4114 448 4172 de
459 4113 582 4186 eligendo
599 4109 814 4182 Archiepiicopo
887 4107 1011 4165 testatem
1038 4107 1176 4177 Gregorio
1204 4106 1239 4164 de
1265 4105 1447 4177 Moureluogo
1464 4104 1536 4164 Car.

169 4219 343 4282 dilleorireor
352 4257 360 4282 ,
369 4231 476 4285 remque
487 4209 569 4283 iplius
584 4207 702 4266 arbitrio
712 4206 816 4278 permi-
889 4203 978 4262 clioaii
997 4220 1029 4259 ac
1049 4201 1195 4261 pontifico
1207 4202 1310 4268 Letaro
1320 4199 1421 4263 saliant
1432 4201 1511 4264 fuilsc
1524 4245 1535 4276 ,

108 4285 116 4340 1
141 4336 146 4346 ·
168 4318 280 4384 filimer,
300 4312 327 4371 ie
345 4313 433 4385 ipiurrr
453 4307 693 4380 archiepiscopum
712 4323 813 4363 reotto·
886 4321 1003 4375 eumque
1019 4302 1048 4360 io
1061 4303 1183 4360 Leonem
1194 4300 1357 4374 drgoirarere
1376 4303 1535 4365 illtmcoo-

168 4417 270 4484 erate,
297 4411 328 4472 ἀ
346 4427 450 4469 vererer
477 4407 596 4465 billoriei
608 4403 810 4471 tradiderunt,
868 4433 872 4444 ·
887 4401 1000 4460 rulille.

168 4515 199 4574 ἃ
218 4515 266 4572 C'.
294 4507 393 4570 sarire
418 4505 583 4565 cofirmare
608 4505 731 4561 viderur.
761 4501 812 4562 set
850 4499 892 4570 (a)
915 4501 944 4555 lo
965 4496 1068 4556 Codice
1083 4493 1285 4566 Puricellieoo‚
1304 4519 1359 4575 qno
1377 4503 1474 4559 barum
1495 4501 1533 4558 li-

166 4631 200 4674 er
215 4614 273 4669 lun·
288 4613 367 4666 cenci·
388 4605 427 4661 tv
450 4606 538 4662 tuate
556 4599 814 4661 aetuceuuw.
889 4617 918 4658 re
933 4617 1010 4657 arnor
1030 4597 1171 4666 exemplar
1191 4600 1371 4673 coniioetur,
1399 4605 1456 4662 dier
1477 4601 1538 4662 tx-

168 4709 224 4774 lX.
243 4709 357 4785 Jtuuar.
380 4705 452 4768 derit
467 4745 476 4778 ‚
493 4721 524 4763 ac
543 4704 572 4764 io
591 4701 814 4764 narranaam·
887 4699 953 4759 eal.
972 4698 1039 4772 Juo·
1059 4695 1224 4775 mutto,
