4020 5490
341 642 345 650 Ι
452 529 1364 633 Auuorartortrsnsratusratus.
1480 555 1552 660 363

189 649 254 727 stis
278 659 598 754 procurationibus
630 679 697 768 ¹pro
730 677 859 772 primo
887 699 992 757 anno
1025 677 1223 782 legationis
1246 681 1371 760 nostre
1400 681 1507 760 nobis
1532 683 1596 759 tei

187 779 274 858 bitis
298 783 345 862 ab
368 787 505 870 eisdem
530 795 567 872 se
590 795 795 881 asserebant
819 805 920 882 ultra
940 805 1111 924 debitum
1139 829 1396 918 pregravatus,
1420 809 1590 888 dicentes

185 911 287 1012 quod
315 915 442 995 minus
465 945 557 1024 equa
582 919 702 1004 suerat
728 923 820 1008 sada
846 933 987 1010 taxatio
1018 936 1064 1013 de
1087 933 1320 1016 factitamus
1344 936 1594 1030 eorumdem,

186 1043 344 1121 materia
367 1045 571 1145 questionis
596 1069 749 1152 exorta,
774 1062 811 1137 dc
831 1083 897 1158 per
920 1051 1214 1161 appellationem
1237 1063 1457 1142 ennrnt'detn
1484 1061 1592 1140 cansa
1736 1063 1738 1068 ’

180 1163 398 1255 huiusmodi
435 1173 482 1249 nd
518 1173 683 1256 nostram
717 1181 860 1260 curiam
895 1187 1061 1286 legitime
1098 1187 1309 1282 devoluta,
1347 1189 1393 1268 ad
1424 1189 1591 1288 ipsorum

180 1301 421 1414 concordiam
447 1304 645 1404 diligenter
672 1311 961 1414 iuterposuitnus
985 1335 1108 1416 partes
1136 1307 1299 1393 nostras.
1334 1311 1477 1390 Verum
1501 1315 1602 1414 qui⁴

183 1429 267 1502 iton
295 1428 405 1504 tlircr
443 1429 541 1508 inter
579 1435 785 1537 consopiri
824 1439 940 1542 posset
976 1446 1134 1520 materia
1170 1439 1398 1546 questionis,
1437 1439 1506 1550 nist
1543 1439 1595 1518 ad

119 1543 121 1550 ’
185 1553 478 1634 extimationem
505 1558 657 1639 suorum
690 1566 901 1662 reddituum
939 1569 1188 1668 procedat-ur,
1225 1586 1268 1647 ut
1303 1589 1382 1650 tarn
1415 1594 1482 1670 pro
1508 1591 1589 1667 pre-

185 1677 285 1756 senti
320 1707 432 1780 quam
468 1681 604 1764 suturis
637 1667 865 1792 temporibus
901 1697 1027 1772 omnis
1063 1697 1217 1774 tollatur
1253 1701 1355 1776 inter
1385 1715 1452 1775 eos
1488 1693 1594 1794 snper

179 1801 259 1884 lroc
284 1811 439 1888 materia
463 1811 699 1913 iurgiorum,
722 1820 937 1916 paternitati
963 1817 1105 1914 vestre,
1126 1808 1202 1919 qua
1221 1817 1452 1922 fungimur„
1467 1823 1589 1902 audo·

179 1935 291 2012 ritate
315 1941 587 2018 committimus
612 1948 650 2020 dt
676 1945 924 2037 mandamus,
949 1965 1132 2044 quatenus
1157 1949 1202 2024 ad
1227 1947 1417 2026 civitatem
1440 1949 1479 2028 bt
1502 1948 1588 2026 dio·
1621 2023 1624 2030 ⁴

178 2059 294 2140 ccfirn
316 2061 577 2144 Mediolanen.
604 2086 671 2144 ros
696 2067 940 2168 personaliter
965 2052 1229 2166 conserentes,
1255 2095 1297 2149 ac
1323 2097 1387 2169 per
1412 2070 1590 2154 seculares

179 2213 224 2267 ac
251 2192 433 2290 regulares
459 2191 632 2292 personas
655 2189 924 2270 Ecclefiaslicas
960 2194 1118 2272 ciritatis
1154 2197 1192 2276 dt
1229 2192 1382 2272 diocesis
1420 2197 1592 2293 prodide-

176 2336 301 2412 rum,
338 2313 594 2414 facultatum,
632 2317 872 2415 reddituum,
909 2343 951 2397 ac
977 2339 1229 2419 proventuum
1254 2317 1593 2404 Ecclesiasticorum

189 2439 522 2546 Archiepiscopalis
547 2443 709 2540 mense,
747 2469 817 2524 nee
843 2471 923 2525 non
949 2447 1185 2529 cathedralis
1212 2449 1440 2548 aliarumque
1467 2447 1594 2528 Eccle-

182 2567 348 2668 starum,
371 2573 408 2651 sc
433 2568 779 2668 Monalleriorum,
806 2571 1071 2673 hospitalium,
1107 2591 1389 2676 ceterorumque
1414 2577 1589 2660 locorum

177 2695 518 2776 Ecclefialiicorum
544 2685 763 2777 earumdem
789 2701 947 2778 civitatis
970 2705 1010 2780 bt
1030 2700 1182 2777 diocesis
1209 2703 1387 2779 notitiam
1412 2700 1590 2783 obtineo.

179 2845 260 2924 tes,
286 2827 480 2903 ueritatem
506 2825 724 2925 diligentius
751 2827 967 2930 inquiratis,
985 2846 1029 2904 ut
1051 2849 1093 2930 ea
1120 2849 1192 2926 que
1217 2849 1282 2926 per
1303 2825 1585 2926 inquisitionem
1665 2825 1667 2828 ’

177 2953 397 3034 huiusmodi
425 2977 446 3030 a
471 2952 888 3052 personis'habentibus
914 2951 1044 3031 Deum
1081 2975 1145 3049 pre
1178 2952 1295 3030 oculis
1328 2949 1494 3060 sarienda
1530 2955 1589 3028 in.

182 3081 385 3177 veneritis,
410 3073 565 3156 fideliter
590 3077 631 3152 in
659 3074 797 3180 scriptis
823 3077 988 3174 redusit,
1020 3073 1211 3178 vestroque
1238 3071 1362 3176 figitlo
1386 3073 1589 3188 conclusa,

181 3211 381 3308 neutrique
406 3203 565 3306 partium
592 3204 753 3300 revelata
778 3206 981 3304 penes'vos
1019 3201 1132 3308 nsque
1170 3201 1216 3281 ad
1241 3203 1401 3281 reditum
1427 3201 1590 3282 vestrum

179 3339 229 3416 ad
249 3315 451 3413 Ecclesiam
477 3329 743 3410 Vincentinam
780 3327 938 3412 fideliter
967 3329 1224 3423 conservetis3
1263 3327 1400 3406 ibidem
1427 3323 1590 3428 postmo-

110 3543 112 3548 ,
180 3463 275 3539 dum
301 3457 438 3539 eisdem
465 3442 626 3555 partibus
654 3457 699 3534 ad
725 3455 879 3534 rellram
907 3451 1125 3556 presentiam
1151 3453 1400 3549 convocatis,
1437 3451 1589 3555 inquisn

182 3587 332 3665 tionem
359 3581 574 3661 huiusmodi
602 3583 783 3682 aperturi,
808 3602 850 3658 ut
877 3583 981 3659 iuxta
1004 3577 1198 3659 facultates
1231 3581 1269 3659 bt
1297 3579 1456 3660 redditus
1488 3579 1585 3682 ipso·
1640 3681 1642 3696 A

183 3741 269 3794 rurn
297 3737 390 3816 equa
416 3736 480 3809 per
507 3737 572 3790 vos
596 3711 740 3790 taxatio
765 3713 802 3789 dt
821 3707 1028 3788 distrIbutio
1056 3701 1120 3788 fiat
1147 3709 1352 3804 intereos,
1378 3709 1584 3788 secundum

182 3867 297 3946 quarn
324 3842 363 3947 in
392 3837 557 3942 perdidit
583 3833 900 3934 procurationibus
925 3858 995 3934 pro
1021 3829 1177 3932 presenti
1203 3833 1372 3939 ternpore
1397 3827 1584 3914 &sucuro

180 3967 416 4048 contribuere
442 3981 671 4050 teneantur3
709 3953 780 4034 nist
806 3955 900 4036 sorte
935 3981 998 4058 per
1030 3953 1297 4034 conventiones
1335 3957 1373 4036 bt
1396 3953 1497 4054 pana
1523 3955 1584 4032 vel

179 4093 490 4173 consuetudinem
519 4088 696 4167 basianus
728 4083 984 4181 observatam,
1021 4075 1349 4179 Archiepiscopaiis
1383 4077 1512 4159 mensa
1545 4083 1585 4162 bt
1619 4126 1624 4143 ν

181 4217 345 4300 Ecclesia
370 4211 604 4296 Cathedralis
628 4211 674 4288 ad
700 4209 1013 4289 contribuendum
1051 4209 1092 4285 in
1125 4205 1229 4284 diuis
1266 4207 1585 4305 procurationibus
1694 4234 1700 4248 ·

182 4351 344 4430 minime
370 4344 602 4434 teneantur3'
629 4341 672 4418 in
699 4367 775 4444 quo
801 4339 884 4420 casu
910 4341 1011 4420 bona
1037 4335 1369 4418 disiacummense
1394 4343 1432 4420 dt
1457 4337 1587 4422 Eccle'·

184 4477 233 4557 stc
259 4501 323 4578 pet
350 4495 416 4550 vos
443 4471 621 4548 nolumus
644 4471 846 4548 extimari.
890 4463 1189 4569 Quam'quidem
1218 4464 1447 4543 taxationem
1475 4473 1511 4550 ὃ(
1536 4469 1591 4547 dl.

185 4603 444 4684 {tributionem
469 4588 661 4694 postquam
688 4617 751 4695 per
776 4619 843 4676 vos
869 4597 1020 4698 provide
1044 4591 1156 4673 suerit
1181 4590 1384 4690 ordinata,
1418 4587 1582 4672 statuetis

898 4719 980 4802 Za
1032 4743 1056 4800 2
1412 4717 1535 4800 audo·
