4032 5482
245 539 313 620 De
326 540 548 618 Honnnn
562 543 743 618 Do‘ntnns
758 563 882 619 exunt
898 541 1074 617 Mentot.
1087 541 1406 622 Aenon-ronne.
1447 564 1532 643 ιοςΙ

168 666 305 764 ingreffa
330 665 372 752 ιβ
397 672 656 742 MCCCXLIII.
671 671 816 754 ioannes
834 668 1074 742 -Bartholomaei
1093 670 1193 758 filius
1215 675 1447 746 Davauzatus
1469 669 1574 745 auxit

9 831 14 834 -
168 795 306 865 MD1C.
333 792 462 865 Altera
487 811 634 868 tutem:
662 792 897 882 Monalierium
922 798 959 864 S.
981 794 1126 866 Martha
1151 791 1298 891 Hospita
1322 795 1442 882 coristi
1473 797 1576 884 adifi-

166 933 281 991 catum
302 939 363 1014 pro
387 919 501 992 anima
527 917 678 994 Litteris·
704 921 910 995 Davaozati
937 919 1054 1015 Populi
1086 925 1122 992 S.
1150 922 1340 996 Trinitatis
1364 923 1402 998 de
1426 923 1567 994 Floren-

165 1044 221 1118 tia
247 1068 330 1118 arao
355 1047 493 1119 Domini
519 1049 762 1121 MCCCXLII.
788 1043 915 1119 Floret
940 1045 1084 1135 adbuc,
1112 1063 1154 1120 ut
1179 1047 1358 1133 diximus,
1386 1043 1460 1119 hoc
1488 1043 1573 1122 Hu-

166 1170 399 1246 miliatatum
426 1167 626 1268 virginum
653 1167 908 1259 Coenobium,
936 1167 1056 1264 ibique
1082 1166 1119 1242 S.
1145 1165 1275 1244 Caroli
1300 1167 1465 1268 Epistola
1491 1168 1564 1243 set·

166 1312 301 1387 vatur,
326 1320 397 1394 qua
425 1294 487 1370 ille
514 1293 559 1368 dc
584 1294 659 1368 istu
684 1289 729 1366 ab
754 1291 970 1368 Humiliato
997 1291 1132 1368 Farina
1158 1290 1259 1368 inse
1286 1289 1437 1388 exploso
1465 1291 1573 1370 Pon-

167 1417 304 1497 tificem
338 1435 504 1497 monet.
927 1471 933 1482 ·
1547 1465 1564 1474 ,.

273 1543 460 1622 LXXIII.
487 1545 663 1646 Sequitur
702 1568 736 1622 2.
762 1550 900 1634 Domus,
919 1543 1077 1643 fratrum
1113 1543 1295 1641 deseris.
1335 1540 1429 1640 Quae
1456 1539 1571 1624 fuerit

166 1669 320 1762 hujusce
345 1671 479 1749 domus
506 1675 638 1770 origo,
665 1697 743 1748 non
770 1671 852 1749 satis
874 1670 1048 1762 constat:
1068 1670 1149 1767 sed,
1175 1693 1217 1748 ut
1238 1673 1379 1771 optime
1398 1674 1568 1748 unimoda

167 1799 280 1876 vertit
293 1799 333 1874 in
354 1795 437 1874 MS.
458 1794 525 1876 suo
545 1801 589 1874 de
603 1797 822 1878 Humilittis
841 1797 1065 1876 senensibus
1084 1797 1424 1890 commentariolo,
1450 1821 1564 1898 quem

168 1925 220 2002 ed
247 1946 307 2000 me
328 1923 534 2005 transmisit
559 1927 722 2004 eruditus
748 1925 920 2002 Senenfis
953 1923 1127 2000 Sacerdos
1154 1921 1213 2019 Jo.
1242 1919 1470 1998 Dominicus
1497 1925 1568 2004 Ri·
1613 2019 1618 2025 ⁵

164 2047 260 2126 ttori
276 2105 297 2145 ,.
322 2051 428 2128 tnui
453 2076 513 2127 un.
539 2045 801 2126 MCCXXVI.
827 2052 863 2125 bt
891 2045 1110 2124 MCCLVI.
1145 2047 1243 2122 illius
1278 2045 1381 2121 initia
1415 2048 1572 2124 locanda

167 2172 438 2252 tidentut.1n
464 2175 622 2272 antiquo
646 2175 749 2248 enim
775 2169 859 2248 Ms.
886 2170 1051 2259 Codice,
1085 2169 1147 2267 qui
1173 2163 1346 2242 senenfis
1371 2169 1566 2268 Reipubli-

166 2311 222 2379 ω
247 2300 380 2376 statuta
407 2295 846 2396 complebitur‚.quique
870 2295 962 2368 circu
997 2315 1054 2368 an.
1087 2291 1326 2372 MCCLXX.
1350 2291 1591 2392 conscriptus

169 2425 340 2514 uidetur,
375 2419 558 2518 Religiosi
584 2421 611 2496 ii
637 2443 771 2496 omnes
795 2437 908 2500 cretus
933 2439 1231 2511 enumerantur,
1262 2419 1392 2520 quibus
1427 2441 1571 2500 certum

168 2551 340 2653 pecuniae.
360 2565 425 2639 aut
451 2565 615 2621 annonte
640 2542 798 2618 modurn
833 2537 1048 2638 Respublica
1084 2541 1157 2643 ipsa
1190 2567 1344 2642 erogare
1367 2543 1574 2622 consuere·

168 2697 249 2755 rat.
279 2673 399 2752 Porto
423 2668 623 2748 Humiliati
651 2669 747 2742 inter
781 2663 1063 2763 franciscanos,
1097 2671 1158 2772 qui
1195 2695 1255 2746 an.
1283 2667 1569 2765 Mccxxvt„

168 2805 208 2879 bt
231 2795 549 2895 Augustianos,
576 2793 639 2892 qui
660 2785 951 2866 an.Mchv1.
974 2789 1081 2866 Senis
1101 2796 1357 2890 receptisunt,
1385 2795 1578 2875 recensen-

169 2945 233 3005 tur
258 2949 270 3014 3
292 2942 334 2998 ut
362 2919 587 2996 intermedio
613 2897 779 3017 tempore
805 2915 845 2988 in
872 2913 1198 3000 eamdentffutbem
1225 2918 1360 2998 inducti
1388 2923 1443 2998 illi
1469 2919 1579 3004 fuisse

169 3049 394 3130 videantur.
432 3042 504 3118 His
533 3065 620 3118 vero
645 3040 883 3140 quinquaginta
906 3036 996 3114 libre
1027 3037 1180 3116 Citium
1202 3043 1350 3121 decreto
1378 3045 1571 3126 solveban-

170 3195 238 3254 tur
263 3169 489 3272 quotennis3
522 3169 648 3244 decem
675 3184 844 3264 praeterea
870 3161 1026 3238 laterum
1054 3163 1175 3240 millia
1203 3167 1247 3241 ed
1276 3165 1442 3246 Ecclesiae
1469 3171 1582 3248 aedifi.
1618 3249 1621 3254 ,

168 3301 365 3378 cntionem
391 3295 502 3388 date,
528 3310 656 3392 preter
681 3292 778 3384 aliu,
803 3311 882 3388 qute
909 3305 991 3366 tum
1016 3287 1265 3388 Reipublieae,
1304 3313 1385 3372 tum
1420 3299 1577 3380 Civium

168 3429 216 3504 in
243 3425 475 3503 Humiliatos
501 3415 768 3496 munificentie
794 3433 1041 3495 monumenta
1066 3415 1223 3498 exstant.
1252 3420 1299 3498 In
1326 3419 1488 3512 ejusdem
1514 3447 1569 3505 ta-

178 3576 267 3630 men
295 3552 430 3628 domus
463 3543 733 3623 consirustione
768 3539 907 3640 aliquid
938 3540 1200 3620 controuersiae
1226 3545 1324 3621 inter
1357 3547 1581 3646 Rempubli··
1641 3569 1643 3576 ’

173 3699 259 3768 cam
286 3693 395 3774 arque
422 3669 652 3748 Humilittoc
677 3661 779 3741 fuisse
805 3664 969 3740 videtur.
1006 3663 1053 3738 In
1080 3685 1291 3744 memorato
1316 3675 1419 3748 enim
1446 3673 1573 3756 Statu.

178 3815 308 3874 torum
334 3795 471 3874 Codice
497 3791 671 3870 Distinet.
697 3787 769 3864 111.
805 3786 883 3862 haec
910 3785 1127 3864 habentur:
1164 3793 1212 3864 Er
1238 3794 1340 3888 quia,
1363 3814 1402 3872 ut
1427 3801 1576 3902 dicitur,

169 3932 322 4014 Fratres
348 3922 536 4000 iirrmiliati
560 3921 597 3994 de
622 3918 716 3992 Senis
741 3914 824 3990 olim
850 3912 1153 4010 repreheudiierunt
1177 3916 1215 3988 de
1232 3919 1322 4013 via,
1345 3947 1411 4018 qua
1435 3927 1509 4004 itur
1533 3935 1577 4010 ai

176 4057 218 4128 se
242 4049 465 4122 Laurentium
482 4041 636 4139 faciendo
659 4035 859 4125 consituendo
883 4035 930 4112 ibi
955 4062 1090 4144 murum
1114 4037 1153 4142 uie
1175 4053 1270 4116 terra
1295 4068 1317 4116 a
1341 4062 1439 4122 canto
1464 4050 1576 4134 domur

169 4176 343 4271 haredum
366 4171 541 4247 Contudiui
564 4163 606 4248 tt
629 4163 833 4260 consortum,
866 4161 961 4259 usque
998 4163 1042 4238 ad
1074 4165 1180 4240 iorum
1207 4163 1356 4264 ipsorum
1387 4181 1581 4276 Fratrum,

177 4307 237 4404 qui
261 4327 379 4382 murus
404 4297 446 4386 ιβ
470 4291 632 4388 tortuosus
655 4285 759 4388 bat
777 4288 923 4388 spigulos
935 4343 947 4382 ,
971 4288 1035 4364 ita.
1048 4289 1129 4384 quod
1153 4289 1218 4366 uia
1242 4290 1283 4376 ιβ
1303 4292 1349 4368 ibi
1367 4302 1476 4398 magis
1498 4319 1581 4406 arte
1660 4272 1666 4281 Ι

178 4459 280 4534 quam
305 4427 493 4524 antiquitus
518 4417 721 4512 consueverit
747 4416 829 4509 effe,
855 4410 895 4493 ss
920 4437 980 4488 uon
1005 4409 1047 4499 ιβ
1072 4411 1165 4488 reiia
1176 4441 1193 4504 ,·
1222 4411 1467 4501 statuimus&
1492 4427 1581 4502 ordi.

179 4583 322 4646 namus,
346 4552 427 4649 quoi
452 4541 690 4639 Camerarius,
723 4535 763 4630 i&
788 4541 929 4640 quatuor
953 4535 1147 4637 Proorsores
1173 4541 1349 4624 teneantur
1380 4543 1431 4625 ir'e
1452 4551 1499 4626 ati
1523 4553 1580 4649 lo,

245 4687 347 4761 Tam..
370 4681 418 4752 ΙΙ.
886 4661 924 4739 0
1469 4700 1508 4752 cu
1532 4703 1569 4753 ru
