4028 5492
426 529 1341 610 Annonarronraustransnanti.
1460 531 1539 630 289

179 644 279 744 hujus
304 649 472 727 eleliionr's
497 656 683 749 decretum,
704 661 784 754 quod
799 661 886 736 nibil
903 661 1043 734 editione
1067 662 1202 759 dr'gom
1226 662 1397 751 rontiaet;
1419 662 1473 734 cui
1492 660 1588 746 fimi·

182 775 216 848 le
250 775 361 850 deinde
393 777 547 874 subditur
569 788 840 862 Florentinorum
865 785 1135 862 Humilratorum
1171 788 1358 863 decretum.
1397 785 1451 858 Al
1484 788 1590 862 tetius

181 908 389 980 mouumenti
412 912 532 984 calcem
557 916 620 989 bac
644 915 835 992 habeatur>
853 917 902 994 Et
929 944 973 994 ea
999 923 1154 1014 omnia,
1179 943 1251 1021 que
1277 921 1438 1017 superius
1454 921 1588 996 eonti-

181 1046 327 1110 nentur
353 1035 427 1109 lata
453 1031 489 1115 δι
516 1035 609 1116 falia
635 1039 810 1136 fuerunt,
837 1063 878 1119 ut
905 1042 1032 1140 supra,
1060 1045 1100 1118 in
1126 1045 1245 1120 domo
1262 1043 1431 1118 Fratrum
1447 1043 1588 1122 Humi·

182 1153 364 1235 liatorum
391 1161 526 1238 domus
553 1186 649 1238 nove
679 1162 741 1239 fite
765 1185 868 1240 extra
891 1165 1044 1242 Portam
1077 1169 1247 1244 Civitatis
1268 1165 1475 1241 Mediolani
1504 1193 1515 1258 ;
1554 1171 1591 1248 ὃς

178 1307 311 1360 coram
337 1283 574 1385 suprascripto
603 1287 753 1367 Donno
780 1291 905 1368 Fratre
930 1289 1123 1368 beltramo
1150 1295 1263 1368 torius
1285 1289 1436 1366 Ordinis
1451 1291 1588 1367 Humi·

178 1409 360 1486 littorum
388 1409 594 1506 Magistro,
621 1419 658 1492 bt
684 1440 732 1490 eo
759 1417 1007 1515 approbante,
1034 1421 1070 1493 δι
1097 1415 1331 1508 ratificante,
1364 1421 1402 1493 bt
1428 1418 1587 1494 austori-
1731 1487 1735 1494 .

182 1532 299 1607 tatem
327 1529 429 1610 suam
458 1535 636 1638 suumque
661 1538 850 1616 decretum
878 1541 924 1615 ad
953 1541 1107 1637 pradilia
1134 1541 1265 1616 omnia
1289 1540 1581 1638 interponente,

178 1657 390 1756 prestante,
416 1665 588 1741 &dante
615 1666 655 1740 in
683 1667 860 1741 omnibus
886 1671 922 1744 bt
952 1690 1012 1764 per
1039 1668 1202 1758 omnia,
1235 1685 1276 1741 ut
1303 1663 1463 1760 superius
1489 1691 1580 1744 con·

176 1785 349 1861 tinetut.
389 1785 641 1868 Interfuerunt
679 1792 727 1866 ibi
766 1789 870 1868 restes
903 1789 1029 1868 Frater
1064 1785 1199 1865 Fiehus
1235 1787 1405 1864 Minister
1442 1789 1579 1867 domus

179 1933 306 2004 noue,
332 1916 368 1990 δι
395 1911 522 1988 Frater
548 1909 674 1988 Petrus
700 1915 744 1988 de
770 1911 943 2005 Misena,
970 1918 1008 1990 δι
1034 1911 1158 1988 Frater
1181 1908 1361 1987 Thomax
1391 1909 1496 1987 Ftior
1534 1913 1581 1988 de

177 2039 301 2131 Astu,
327 2037 364 2114 bt
383 2037 511 2113 Frater
530 2037 741 2115 Thomasus
764 2041 898 2115 domus
921 2037 1219 2111 Humiliatorum
1244 2035 1290 2110 de
1313 2031 1424 2124 Astu,
1443 2032 1581 2112 &Fra

179 2179 239 2238 ter
260 2159 453 2258 Iohannes
474 2159 630 2236 Bianehi
664 2163 797 2236 domus
824 2159 1124 2236 Humiliatorum
1148 2155 1193 2231 de
1222 2154 1511 2249 Vicoboldono,
1545 2162 1583 2238 δι

179 2289 311 2366 frater
335 2283 537 2362 Lafrancus
564 2285 767 2379 presbiter,
799 2289 835 2362 δι
865 2284 989 2360 Frater
1015 2279 1171 2380 Jacobus
1195 2280 1327 2356 domus
1353 2277 1584 2360 Humiliato·

181 2441 268 2494 rum
300 2413 421 2491 Sanlli
448 2411 591 2487 Marehi
619 2414 663 2485 de
689 2407 891 2486 Terdona.
1034 2499 1038 2508 ,

283 2537 370 2634 Ego
398 2537 577 2612 Bellonus
603 2532 698 2608 filius
723 2533 914 2633 quondam
938 2511 1034 2609 Leiii
1057 2527 1276 2628 Fanigatoie
1301 2529 1467 2606 notarius
1490 2531 1578 2606 civi·

182 2662 270 2741 tatis
298 2660 527 2766 mediolani,
554 2661 594 2734 in
624 2684 702 2756 por.
728 2684 826 2736 cnm.
852 2661 915 2758 qui
943 2657 1073 2732 habito
1099 2659 1140 2732 in
1164 2657 1321 2732 eiteduas
1347 2661 1452 2746 (ita)
1481 2681 1586 2757 roga·

180 2809 243 2867 tus
270 2788 367 2862 hanc
393 2783 616 2862 sententiam
641 2779 949 2880 comprehensam
980 2785 1023 2858 in
1050 2782 1122 2858 hiis
1149 2781 1263 2859 tribus
1287 2781 1423 2860 chartis
1450 2786 1584 2862 tradidi

182 2919 223 2996 δι
251 2914 296 2989 ad
324 2911 556 2988 scribendum
583 2904 666 3013 dedi
694 2902 887 2982 infradilio
911 2907 1109 2983 Antonio.

178 3107 188 3124 .
289 3035 377 3150 Ego
402 3035 593 3115 Antonius
618 3029 716 3108 filius
742 3028 978 3106 Montenarii
1006 3079 1201 3106 ......

621 3261 845 3350 Alexandri
875 3260 945 3346 IV.
980 3259 1162 3366 Literu,

475 3453 523 3512 ne
557 3421 800 3510 Humiliotir
844 3422 1003 3535 injurio?
1053 3419 1316 3533 inferuntur.

643 3635 722 3695 aaut.
743 3645 785 3697 ις.
805 3625 879 3696 Maii
900 3625 946 3684 Ex
964 3623 1035 3688 nihl.
1053 3623 1143 3684 Braid.

170 3805 180 3812 ''
348 3795 544 3876 Lexander
564 3786 911 3888 Episcopus'servus
938 3783 1126 3863 servornm
1147 3782 1224 3861 Dei
1251 3779 1453 3862 venerabili
1481 3781 1587 3866 fratri

190 3793 556 4120 AEpiscopo
584 3930 791 3990 mantnano
826 3916 881 4002 (1)
915 3907 1071 3987 salutem
1105 3911 1142 3988 bt
1169 3909 1406 4007 apostolicam
1437 3911 1586 3990 benedi·

376 4049 560 4124 itionem.
599 4039 677 4118 Sub
702 4041 895 4138 religionis
930 4039 1065 4134 habitu¹
1084 4037 1203 4115 lindio
1239 4039 1295 4134 pie
1324 4037 1396 4115 vite
1424 4042 1592 4116 vacanti-

181 4179 279 4269 bus,
305 4177 358 4250 ita
383 4173 559 4250 debemus
584 4169 654 4254 etse
680 4166 827 4272 propitii
842 4223 854 4263 ,
872 4187 913 4246 ut
934 4167 974 4242 in
994 4164 1127 4241 divinis
1147 4162 1378 4262 beneplacitis
1398 4186 1592 4264 exequen-

240 4307 341 4378 Tom.
366 4303 418 4376 ΙΙ.
563 4352 565 4358 -
935 4286 974 4364 Ο
999 4310 1027 4364 o
1483 4288 1540 4365 dis

226 4597 299 4660 tinus
316 4639 324 4658 .

183 4501 233 4576 (¹)
249 4505 422 4564 Mantuanae
440 4487 593 4564 Episcopus
613 4507 672 4553 erar
696 4495 750 4556 hoe
767 4513 841 4558 anno
868 4489 941 4554 ἰόιιιι
960 4505 1041 4564 quem
1064 4481 1144 4559 supra
1164 4481 1487 4548 ιοιιιιιιιιιιοιιιίιιιιιιΒ.
1511 4485 1614 4607 Μιίἱ
1755 4519 1758 4528 .
