3996 5762
405 541 1316 626 Annonarrourrns.sennonteus-az
1439 565 1533 646 341·

161 663 344 742 omnium
379 677 442 764 per
466 667 503 745 se
527 666 679 770 suosque
706 669 857 746 hete'des
881 724 894 763 ,
917 667 1119 766 'sub-pene
1151 671 1253 770 dupli
1287 671 1380 750 diue
1414 670 1567 770 p'ecunie

159 790 452 892 mim'quinque
477 789 684 871 solidorum
711 801 931 872 venetorum
958 801 1158 892 porrorum
1183 804 1199 890 (
1213 800 1305 876 mihi
1327 799 1489 878 Notario
1513 800 1570 874 in·

159 902 359 1014 frastripto
383 916 570 1016 stipulanti
596 925 634 1000 dr
662 920 849 1018 recipienti
878 924 1034 998 nomine
1058 926 1272 1020 omnium,
1312 949 1476 1025 quorum
1512 926 1570 1002 in·

158 1037 360 1135 retsuerit,
383 1061 450 1120 aut
475 1043 832 1144 interesse-poterit)
860 1055 1067 1148 numqua'm
1096 1052 1218 1150 aliquo
1247 1071 1414 1148 tempore
1435 1070 1569 1128 contra

160 1166 441 1265 donationem,
466 1175 504 1249 dr
532 1171 798 1266 traditionem,
823 1176 863 1252 dr
888 1174 1156 1254 eoueeffionem
1174 1175 1397 1252 huiusmodi
1425 1183 1569 1277 vesper

157 1291 290 1372 seue}
315 1314 379 1394 pet
400 1297 498 1372 elios
522 1295 638 1374 secere
677 1315 740 1375 eut
773 1301 899 1376 venire
933 1301 1080 1378 ratione
1118 1301 1273 1400 alinua,
1310 1301 1466 1398 ingenio
1492 1299 1568 1378 stve

155 1418 310 1516 eausa,-
328 1437 413 1520 'qua
440 1445 534 1518 pena
561 1423 679 1504 solutu
700 1442 749 1504 ut
774 1449 854 1502 non
879 1423 1036 1504 donatio
1070 1429 1108 1506 dr
1134 1424 1313 1502 eonceffio
1351 1425 1567 1504 huiusmodi

155 1545 420 1630 nihilominus
445 1547 554 1623 omni
581 1563 747 1644 tempore
773 1547 903 1641 insua
929 1570 1142 1646 permaneat
1170 1546 1366 1630 firmitate.
1406 1547 1588 1628 Renum·

153 1672 261 1756 eiam
286 1668 433 1769 insuper
458 1669 653 1772 Dominus
669 1671 888 1752 nutrimina
924 1695 985 1771 per
1018 1669 1055 1749 se
1083 1669 1236 1770 suosque
1263 1671 1470 1752 successores
1496 1676 1563 1754 he·
1580 1699 1588 1748 ·.

152 1798 266 1880 sedes
289 1798 410 1880 norni'
426 1799 656 1899 tiLegum',
681 1805 719 1878 dr
741 1799 832 1887 iuris
858 1798 1232 1886 euxi1i0„cenonieo
1261 1787 1437 1878 videlieet*
1454 1806 1490 1880 dr
1509 1806 1569 1880 ei.

157 1925 256 2017 visi,
284 1923 512 2020 privilegiis,-
534 1921 702 2014 statutis,
726 1927 776 2001 dr.-
790 1915 1160 2012 consuetudinibus,
1189 1920 1435 2023 omnibusque
1460 1927 1566 2020 eliis,

158 2049 353 2153 quirun·
322 2073 414 2132 ester
441 2049 622 2146 prodidit,
648 2047 706 2126 vel
733 2045 872 2148 aliquid
899 2045 1146 2144 paediuorum
1174 2044 1212 2122 se
1237 2043 1341 2143 poffit
1367 2045 1565 2130 defendere

158 2181 398 2331 aliquetenus
423 2181 461 2256 dr
489 2179 640 2256 sueti

191 2305 352 2406 Ego
372 2301 585 2404 Johanuea
593 2302 640 2382 de
660 2300 811 2404 Lupieo
822 2300 923 2390 Serri
946 2303 1097 2403 Imperii
1123 2301 1287 2404 pubiteus
1298 2302 1482 2384 Notarius
1493 2313 1561 2389 &u
1581 2356 1587 2376 .

191 2511 413 2682 'Exempto
446 2591 498 2650 rra
532 2561 745 2651 contrusio
780 2562 888 2650 inter
925 2562 1173 2650 sirmiiiotor
1208 2498 1513 2665 idetsa'oiareuses

187 2721 193 2730 ’
267 2755 272 2766 ’
341 2733 518 2818 ''domur
551 2725 597 2813 tir
630 2725 777 2840 Migloe
814 2719 864 2818 (θ’
897 2720 1175 2828 Modoerienses
1211 2723 1342 2812 duatus
1362 2753 1378 2766 ·’

703 2887 747 2974 8.
782 2885 1029 2976 Michaelis.

327 3217 330 3228 .
370 3143 447 3209 rasi.
465 3156 491 3198 a.
509 3133 584 3206 Maii
602 3133 648 3197 nx
663 3127 817 3194 'fabulatio
832 3125 911 3192 Cler.
929 3127 1033 3204 negot.
1051 3124 1079 3190 S.
1095 3125 1223 3189 Bernaba
1238 3122 1360 3187 Medio!-
1458 3097 1463 3109 ¹

248 3325 288 3406 N
303 3325 484 3405 Nomine
502 3323 667 3404 Domini
695 3347 797 3402 enno
823 3349 843 3401 a
873 3321 1065 3399 nativitate
1091 3318 1253 3412 ejusdem
1278 3311 1480 3394 millesimo
1500 3315 1568 3396 dn·

169 3333 245 3652 I
272 3455 477 3534 centesimo
503 3451 748 3551 nonagesimo
775 3453 906 3529 odavo
931 3452 990 3527 die
1017 3449 1160 3528 venetis
1187 3445 1345 3524 seeundo
1370 3445 1430 3520 die
1459 3468 1565 3522 men·

274 3584 319 3660 fis
344 3583 440 3664 Maii
476 3583 682 3659 inditiione
708 3581 905 3657 undecima
944 3580 982 3654 in
1010 3579 1127 3653 domo
1161 3573 1317 3652 fratrum
1351 3575 1568 3651 humiliato·

164 3736 252 3789 rum
278 3711 401 3790 Sanni
429 3711 618 3788 michaelis
651 3710 696 3787 de
724 3705 912 3784 modoetia
952 3701 1017 3779 fite
1056 3703 1095 3776 in
1133 3719 1253 3799 porta.
1278 3725 1376 3778 nove
1409 3701 1565 3778 civitatis

172 3837 384 3914 Mediolani
413 3836 453 3912 in
482 3833 664 3934 presencie
692 3834 765 3908 mei
793 3831 929 3910 notarii
956 3833 994 3908 de
1018 3825 1164 3912 tesiiurn
1191 3823 1502 3924 infrascriptorum
1523 3827 1570 3906 ad

167 3962 244 4038 hoc
271 3977 513 4052 vocatorum,
539 3961 577 4036 de
597 3981 709 4057 quam
737 3959 943 4033 multorum
971 3957 1127 4030 aliorum
1151 3949 1475 4050 prepofitotumt&
1495 3951 1569 4031 fre·

174 4107 275 4164 trum
318 4084 605 4160 humiliatorum
645 4077 694 4154 ibi
729 4079 963 4157 existentium
999 4075 1192 4156 Dominus
1229 4071 1341 4151 stater
1367 4071 1571 4154 Guidottus

169 4215 335 4296 riboldus
361 4215 416 4298 (s)
442 4205 660 4284 venerabilis
687 4207 795 4302 patris
820 4207 967 4282 domini
997 4201 1159 4302 magistri
1187 4203 1299 4279 torius
1325 4201 1466 4277 ordinis
1493 4203 1564 4280 hu·

169 4343 404 4482 miiintorum
439 4332 686 4426 audoritate,
723 4352 793 4432 qua
832 4329 1003 4427 fungitur
1043 4353 1062 4408 a
1103 4325 1251 4401 summo
1288 4319 1494 4421 Pontifice‚
1523 4332 1564 4408 de

956 4531 960 4540 .
1404 4451 1554 4553 modo

174 4629 215 4700 (ι)
237 4629 282 4688 De
306 4629 359 4688 hoe
376 4617 511 4680 Generosi
539 4615 627 4678 Humi
631 4615 667 4676 iia
652 4633 759 4682 urorum
778 4621 828 4678 Ma
830 4619 930 4695 gisiro
933 4635 977 4694 egr
968 4618 1042 4678 imur
1056 4611 1125 4673 Vol.
1135 4612 1169 4669 1.
1174 4607 1254 4670 Dr‘sie
1255 4605 1363 4683 seriis
1377 4623 1451 4681 nun.
1460 4607 1557 4676 xii..
