3978 5484
264 537 331 619 Dn
345 542 557 623 Hurrttrtn
571 541 752 626 Doutnus
767 569 893 626 nitunt
910 547 1087 632 Mamor..
1098 553 1242 630 Acuunt
1254 567 1412 624 rosrtrs.
1455 539 1501 642 85

163 668 286 744 rnania
315 670 420 746 initia
449 670 672 770 posuerant,
697 674 830 751 domos
857 673 1062 754 fundarunt
1090 703 1109 752 a
1134 673 1376 752 fundatorum
1403 667 1554 746 sarniliis

164 799 382 892 appellatas.
410 799 498 878 Hae
524 802 676 897 Finius,
702 819 814 905 quent
839 805 1055 898 conjecturis
1080 808 1204 906 potius
1229 830 1340 902 quant
1360 796 1550 886 ,veteribus

166 925 428 1002 monumentis
454 928 629 1004 innixum
658 931 736 1008 haec
760 929 926 1029 scripsisse
949 932 1130 1008 arbitror.
1157 929 1259 1008 Cum
1286 933 1388 1008 enirn
1417 930 1560 1006 videret

160 1041 388 1126 familiarum
413 1053 562 1128 illarum
591 1057 749 1131 nomina
768 1055 865 1139 hisee
886 1057 1055 1134 domibus
1076 1055 1270 1156 impolita,
1298 1055 1391 1132 'visus
1411 1052 1461 1129 est
1485 1049 1552 1142 srbi

157 1191 282 1252 totam
307 1177 356 1252 rei
381 1175 486 1276 gella
513 1177 642 1257 serietn
665 1182 766 1260 hunc
787 1185 826 1260 in
848 1184 1005 1266 modurn
1027 1181 1122 1276 posse
1144 1175 1347 1260 adornare.
1376 1181 1431 1254 At
1455 1193 1551 1250 certe

155 1297 386 1379 familiarum
413 1303 638 1395 hujusmodi
655 1308 811 1382 nomina
838 1303 1011 1382 rarilsrnta
1039 1307 1102 1380 illa
1126 1323 1233 1382 artato
1258 1301 1392 1394 suisse,
1419 1299 1553 1376 eruditi

162 1445 320 1503 norunt.
348 1429 387 1505 Si
416 1433 541 1504 autem
564 1427 784 1506 Claullrales
806 1431 1105 1508 Httmiliatoium
1128 1431 1262 1508 domos
1288 1429 1412 1504 Finius
1441 1428 1552 1502 intel-

159 1555 271 1647 lexit,
294 1551 432 1628 ¹saectrlo
458 1559 602 1652 integro
628 1554 737 1632 serius
762 1555 921 1633 construi
943 1557 1024 1632 illas
1045 1553 1181 1654 coepisse
1207 1552 1282 1644 iam
1303 1551 1552 1655 ostendimus.

158 1675 238 1776 Ipsa
267 1703 356 1756 veto
383 1681 501 1777 prima
527 1679 823 1758 Humiliatorum
859 1685 977 1759 initia.
1004 1685 1195 1784 aliquanto
1227 1681 1334 1756 altius
1361 1677 1558 1776 repetenda
1662 1711 1664 1716 ’

164 1797 235 1874 esse
262 1802 522 1898 probavimus.
549 1805 663 1881 Addit
685 1805 838 1903 Finius‚
864 1807 966 1884 suam
991 1807 1195 1885 Carobium
1221 1797 1377 1886 donnum
1404 1807 1467 1884 SS.
1493 1805 1556 1904 Ja-

135 1923 253 2000 -cobo
273 1929 309 2006 dt
329 1925 525 2028 Pbrlipp0;
551 1929 776 2031 Bagnolium
803 1935 838 2010 S.
863 1932 1295 2026 Marin03'Piaranicant
1321 1933 1357 2010 S.
1382 1912 1554 2010 Martino

141 2050 301 2127 -sacr'am
327 2051 478 2130 voluisse
499 2110 513 2149 ,
537 2057 636 2155 quod
663 2056 750 2132 iude
772 2112 784 2149 ,
807 2075 850 2132 ut
878 2056 1063 2150 arbitror,
1088 2053 1216 2136 Finius
1241 2057 1390 2146 conjicit
1414 2108 1426 2146 ,
1450 2050 1556 2154 quod

158 2178 235 2252 alia
260 2177 338 2253 hacc
359 2202 466 2257 erant
486 2183 700 2258 earumdem
719 2179 922 2256 domorum
943 2181 1123 2273 nomina,
1148 2181 1277 2279 quibus
1303 2183 1342 2256 in
1360 2177 1550 2272 Catalogo

141 2299 823 2398 ‹an.MCCCXL1V.defignantut.
864 2300 976 2378 Alibi
1000 2318 1125 2376 autem
1159 2299 1287 2378 Finius
1321 2321 1443 2378 narrat
1470 2303 1555 2392 (α),
1629 2357 1637 2372 .

139 2425 201 2504 ·S.
229 2423 387 2500 Martini
413 2425 612 2502 Ecclesiam
640 2423 1446 2534 an.McCLxxxv1.exstrnunnfutne,
1480 2426 1555 2526 pri·
1686 2471 1690 2479 ·

162 2573 344 2648 mumque
378 2551 474 2625 illius
505 2551 665 2646 lapidem
688 2577 714 2626 a
740 2551 948 2651 Rodulpbo
977 2553 1201 2632 Guinzonio
1228 2553 1429 2634 Placentini
1463 2553 1554 2652 Epi·

157 2677 254 2773 scopi
269 2675 419 2748 Vicario
433 2671 592 2774 politum
606 2671 731 2750 fuisse.
752 2673 800 2750 ln
820 2676 1038 2755 Placentina
1057 2683 1161 2757 enirn
1181 2677 1319 2757 diaecesr
1333 2678 1547 2756 Cremensrs

138 2845 142 2854 ·
161 2799 224 2876 illa
244 2797 370 2894 oppidi
391 2819 472 2894 pars
487 2797 569 2889 ‚ad
588 2821 699 2895 quam
720 2797 853 2874 domus
873 2802 933 2875 illa
956 2799 1182 2898 pertinebat,
1204 2819 1291 2874 runc
1310 2803 1546 2896 censebatur.

158 2917 302 2998 Omnes
329 2945 416 2998 vero
440 2919 553 3016 usque
581 2921 625 2996 ad
651 2921 949 2998 Humiliatorum
977 2923 1240 3002 extinllionent
1268 2924 1552 3022 superfuerunt.
1629 2951 1633 2958 ·

136 3047 211 3124 ‚Ar
236 3045 299 3124 SS„
321 3043 446 3142 Ja'cobi
472 3053 509 3124 dt
526 3042 696 3138 'Philippi
722 3043 881 3135 donnus,
908 3069 987 3141 quae
1007 3046 1118 3118 etiam
1144 3048 1180 3120 de
1206 3045 1380 3121 Umbriano
1418 3043 1560 3127 diceba·

161 3189 242 3266 tur,
268 3171 530 3249 commendata
548 3186 648 3244 erat.
675 3164 796 3255 Hujus
816 3167 948 3252 deinde
971 3167 1151 3276 redditus,
1174 3177 1258 3278 cunt
1282 3156 1444 3264 primum
1465 3169 1558 3270 (313.
1612 3244 1613 3247 Ἴ

135 3335 142 3348 ·
160 3295 345 3374 mensibus
356 3289 553 3390 Episcopus
565 3292 671 3368 datus
682 3287 778 3382 suit,
797 3290 851 3364 illi
865 3287 1030 3364 attributi
1044 3282 1221 3367 suerunt.
1242 3292 1401 3372 AEdibtrs
1421 3283 1551 3394 asurim

160 3421 287 3500 crcrfis
308 3421 440 3498 codem
459 3421 544 3492 loco
565 3415 843 3506 Seminarium,
863 3435 903 3490 ut
925 3408 1055 3506 ajunt,
1075 3413 1295 3494 exstructum
1315 3417 1395 3494 est.
1421 3416 1457 3494 S.
1472 3415 1555 3506 Ma-

164 3551 236 3626 rint
262 3573 304 3623 ae
328 3547 367 3624 S.
387 3541 543 3619 Martini
570 3539 928 3630 ades'acredditur‘,
953 3536 1171 3618 Humiliatis
1197 3543 1390 3634 crtinllis,
1416 3539 1556 3638 Hiero·

163 3700 284 3773 nymo
306 3667 450 3747 Coroiri
477 3667 614 3744 Porcia
635 3669 795 3761 primunt
817 3661 1066 3746 commendati
1087 3663 1200 3756 sunt;
1226 3689 1319 3740 mox
1343 3665 1379 3742 S
1406 3661 1550 3740 Marini

129 3771 135 3786 ⁸
157 3803 319 3904 redditur
338 3797 530 3876 Cremensr
552 3793 784 3872 Nosocomio
801 3795 990 3886 attributi3
1012 3797 1105 3871 ades
1126 3795 1260 3872 deinde
1276 3795 1553 3895 Augustinianis

159 3933 284 4032 primo
307 3923 500 4002 Insubricae
525 3923 873 4023 Congregationis‚
911 3941 993 3998 turn
1018 3921 1185 3998 Saeculari
1214 3924 1328 4002 Clero
1353 3979 1364 4017 ‚
1398 3926 1554 4023 denique

144 4054 318 4136 -clertcisw
332 4048 576 4148 Regularibus
600 4049 745 4146 Congr.
766 4049 802 4124 S.
818 4047 935 4124 Paulli
957 4049 1150 4124 concessa.
1174 4049 1211 4126 S.
1236 4047 1391 4125 Martini
1422 4049 1556 4145 pariter

159 4181 323 4260 redditus
341 4177 618 4264 commendati3
643 4175 735 4249 aedes
761 4171 832 4251 PP.
853 4172 1146 4253 Cilietciensrbus
1173 4175 1340 4268 tradita,
1366 4177 1428 4276 qui
1458 4195 1553 4252 tent·

161 4307 262 4404 plum
277 4303 409 4376 iteruin
424 4299 649 4376 exstructum·
659 4302 697 4378 S.
713 4297 903 4378 Bernardo
920 4297 1129 4392 sacrarunt,
1152 4321 1259 4398 aquo
1274 4300 1393 4380 adhuc
1407 4327 1552 4380 nomeu

1437 4423 1503 4496 ha·

240 4589 283 4660 (a)
301 4587 373 4650 ster.
392 4582 422 4644 di
442 4581 543 4643 Crtnu
560 4577 625 4640 Lib.
647 4577 688 4638 ll.
