4020 5490
396 533 1315 626 Annonarrontuusrenotentur.
1446 563 1519 645 375

167 663 275 724 tenor
304 647 467 732 noscitur
492 658 561 738 eise
590 664 694 740 talis.
723 663 886 742 Provide
913 670 993 746 rito
1019 669 1197 748 Domino
1223 671 1397 751 Arnaido
1425 670 1576 748 Sabate·

170 771 215 862 rii
239 777 284 850 de
311 775 484 873 Tistaeo,
510 787 548 862 δι
572 787 695 864 διιιιᾶἱ
722 787 889 884 Dionistj
916 794 1161 876 Ecclesratum
1186 796 1572 878 caturcenDioeefis

167 899 369 982 Colieiiori
408 904 593 1024 fruetuum
633 914 899 998 benefitiorum
936 925 1146 1002 uacantium
1181 925 1221 1001 in
1248 923 1333 1021 Ian.
1361 921 1570 999 Medioiau.

166 1029 220 1106 δι’
242 1029 507 1112 Rauennate'n.
533 1042 731 1133 provintiis
767 1043 970 1122 Gtsbertus
1003 1047 1244 1144 permissione
1274 1049 1402 1128 divina
1441 1044 1575 1123 Marsa·

166 1157 258 1236 lien.
282 1163 415 1242 eicitur
442 1165 606 1247 Dotu'ioi
632 1171 728 1271 Papa
754 1173 990 1254 Camerarius
1010 1178 1178 1256 Salutem
1204 1181 1244 1256 iu
1272 1179 1457 1254 domino.
1482 1177 1568 1262 Nun

163 1309 229 1384 pet
254 1315 320 1388 pro
347 1313 446 1390 parte
474 1294 730 1397 religiosorum
745 1303 923 1380 'titutum
952 1303 1117 1402 magistri
1140 1304 1355 1401 generalis,
1393 1307 1430 1380 δι
1467 1302 1569 1378 ordi.

166 1419 226 1493 nit
252 1419 539 1499 humiliatorum
566 1421 636 1502 fuit
664 1426 771 1504 nobis
795 1427 1031 1527 expoiitttnt,
1063 1430 1164 1530 quod
1191 1451 1256 1504 vos
1284 1449 1365 1502 oon
1390 1422 1564 1524 obstante

162 1542 450 1642 compositione
474 1545 566 1625 fana
595 1575 658 1650 pet
683 1541 959 1651 procuratorem
985 1581 1146 1651 eorum,
1179 1569 1265 1638 eum
1292 1551 1454 1632 Camena
1479 1553 1568 1633 diui

160 1668 331 1749 Domini
359 1675 472 1758 nostri
492 1677 590 1777 Prpe
613 1679 661 1756 de
687 1677 868 1760 ranutius.-
885 1679 1162 1764 beneficiortt'tu.
1178 1677 1288 1778 ipfitts
1313 1678 1481 1770 ordinis,
1497 1699 1570 1777 qus

162 1816 333 1897 tempore
360 1800 606 1884 certauimus
632 1805 753 1883 ooiire
782 1827 1037 1900 vacaverunt,
1073 1809 1209 1886 domos
1226 1827 1366 1884 eorum
1393 1804 1571 1900 impetere

160 1947 244 2001 non
273 1924 415 2022 srnitis,
443 1930 526 2004 imo
550 1930 602 2002 eis
628 1937 757 2023 graves
783 1929 969 2006 molestias
994 1929 1329 2028 tetragammum
1350 1928 1459 2006 nohis
1479 1952 1565 2026 grat

160 2069 246 2128 turn
273 2075 352 2124 uon
380 2051 498 2146 effer,
539 2053 599 2130 sed
624 2055 806 2132 credimus
832 2076 897 2128 uos
924 2051 1058 2127 habete
1084 2049 1217 2126 iustam
1244 2054 1454 2150 ignorantie
1478 2078 1566 2131 eau-

160 2173 262 2256 sam.
304 2175 472 2256 Idcirco
499 2179 676 2256 nolumus
704 2201 772 2252 nee
797 2175 1098 2255 consulimus.
1160 2199 1294 2252 ‚eum
1322 2175 1427 2252 vobis
1452 2174 1566 2276 usque

82 2399 89 2412 .
159 2305 206 2382 ad
236 2303 423 2383 summam
450 2307 555 2384 mille
583 2303 918 2401 octingentorum,
941 2305 979 2380 iit
1006 2303 1219 2398 nonaginta
1245 2303 1359 2378 unius
1383 2299 1569 2380 Floreno-

155 2457 243 2510 tum
272 2433 352 2507 auri
390 2414 501 2506 alias
513 2457 593 2528 per
605 2425 709 2529 ipsos
743 2427 846 2506 uobis
870 2427 1035 2504 extiterit
1072 2425 1314 2536 satisfaiium
1328 2452 1395 2505 eos
1415 2428 1568 2504 amodo

155 2584 253 2660 pro
252 2559 361 2634 diuis
378 2537 552 2634 fruticibus
581 2557 807 2647 molestetis,
845 2577 913 2629 nee
937 2553 1073 2628 domos
1099 2577 1230 2629 eorum
1260 2555 1506 2654 aliqualiter
1495 2579 1568 2631 un·

154 2683 314 2786 petatis,
339 2687 461 2761 taliter
488 2707 554 2758 uos
580 2684 757 2762 habentes
784 2677 847 2754 st
837 2701 888 2756 tta
915 2678 983 2771 fit,
1010 2682 1111 2810 quod
1138 2683 1221 2778 sepe
1245 2681 1327 2755 dieti
1358 2677 1562 2778 Magister,

155 2809 351 2894 &fratres
375 2811 458 2888 dieti
485 2791 627 2884 ordinis
664 2801 809 2882 nuliam
842 2805 889 2879 de
916 2801 1033 2879 vobis
1054 2782 1214 2879 ha'beant
1249 2806 1441 2908 materiam
1469 2828 1561 2884 eon·

149 2937 361 3039 querendi
397 2935 546 3014 Datum
572 2933 795 3032 Avignooe
791 2933 863 3014 die
888 2929 1040 3019 secunda
1064 2929 1311 3008 Nouembris.
1348 2927 1453 3028 Qus
1478 2933 1559 3032 qui·

152 3065 415 3148 nemimem
441 3065 551 3168 supra
570 3067 683 3142 utun
708 3067 753 3140 ad
779 3063 987 3146 satiendam
1012 3064 1122 3144 fidem
1151 3067 1349 3162 nienariam
1381 3068 1421 3140 in
1447 3068 1558 3144 omui

150 3196 243 3268 ioco
267 3193 406 3268 iudicio
431 3197 469 3271 δι
494 3213 597 3268 extra
624 3197 794 3293 exigente
815 3193 982 3268 euidenti
1015 3190 1216 3268 necetiuate
1235 3195 1351 3272 druos
1365 3193 1560 3270 Dominus

154 3317 531 3418 generalieMagiiier
559 3321 713 3417 precepit
743 3319 836 3394 mihi
856 3319 1019 3396 Notatio
1042 3318 1275 3419 infrascripto
1299 3341 1339 3396 ut
1358 3345 1421 3394 eas
1438 3343 1563 3398 extm-

151 3447 278 3542 ·platas
303 3446 592 3536 autenticarem,
617 3447 655 3520 ὅ(
682 3446 721 3518 ἰιι
749 3445 930 3542 publicam
958 3440 1122 3520 sormam
1150 3446 1387 3542 redigerent,
1422 3468 1463 3524 ut
1490 3446 1560 3524 eis·

153 3571 241 3648 tiem
271 3565 360 3644 fidet
396 3571 561 3666 plenaria
587 3569 805 3648 exhibeatur
844 3567 891 3644 ab'
925 3569 1105 3644 omnibus
1140 3573 1329 3668 ubilibet,
1369 3595 1559 3675 tamquam
1662 3579 1665 3586 “

153 3696 358 3790 originarii,
384 3700 422 3773 ot
450 3695 814 3792 pubiiee'Sctiptttte,
837 3701 878 3774 &
900 3698 943 3773 ad
969 3693 1179 3776 faciendum
1209 3703 1372 3799 premiss'a
1391 3707 1556 3798 omnia,

151 3825 193 3902 ὰ
222 3821 366 3918 sanguia
394 3825 648 3900 austori'tatent
667 3822 778 3900 ’strunt
806 3823 998 3920 preiiavit,
1023 3853 1065 3902 ac
1090 3831 1196 3904 omni
1227 3831 1368 3922 modo,
1395 3835 1432 3906 &t
1457 3833 1559 3925 iure,

143 3949 284 4050 quibus
311 3951 444 4023 melius
473 3950 617 4044 potuit,
655 3947 873 4046 interposuit
900 3947 1008 4028 suum
1034 3951 1221 4030 decretum
1247 3981 1292 4032 err
1317 3979 1413 4035 cetta
1442 3957 1559 4034 scien·

151 4078 232 4169 tia,
257 4079 294 4153 &
320 4099 405 4148 eum
433 4072 534 4148 cause
560 4077 810 4172 cognitione.

152 4237 155 4242 ·
259 4201 394 4276 Atium
424 4201 462 4274 in
488 4202 604 4277 domo
630 4203 676 4278 de
705 4203 967 4282 Vicoboidono
992 4207 1076 4283 diiii
1103 4205 1245 4284 ordinis
1284 4211 1380 4288 dioc.
1408 4209 1556 4294 Medio·

106 4321 110 4333 ’
152 4333 228 4408 lan.
269 4331 309 4406 io
351 4327 582 4405 habitatione
620 4330 707 4406 titt}
734 4329 895 4407 Domini
925 4333 1106 4428 generalis
1134 4332 1333 4432 Magiiiti.
1370 4339 1559 4422 interfue-

440 4519 445 4538 ¹
1416 4494 1506 4548 runt

161 4549 1522 4683 m
