<?xml version="1.0" encoding="UTF-8"?>
<!DOCTYPE html PUBLIC "-//W3C//DTD XHTML 1.0 Transitional//EN"
    "http://www.w3.org/TR/xhtml1/DTD/xhtml1-transitional.dtd">
<html xmlns="http://www.w3.org/1999/xhtml" xml:lang="en" lang="en">
 <head>
  <title>
</title>
<meta http-equiv="Content-Type" content="text/html;charset=utf-8" />
  <meta name='ocr-system' content='tesseract 3.04.00' />
  <meta name='ocr-capabilities' content='ocr_page ocr_carea ocr_par ocr_line ocrx_word'/>
</head>
<body>
  <div class='ocr_page' id='page_1' title='image "./veterahumiliato01braigoog_0363.png"; bbox 0 0 4020 5490; ppageno 0'>
   <div class='ocr_carea' id='block_1_1' title="bbox 357 528 1851 3770">
    <p class='ocr_par' dir='ltr' id='par_1_1' title="bbox 478 528 1557 634">
     <span class='ocr_line' id='line_1_1' title="bbox 478 528 1557 634; baseline -0.003 -26"><span class='ocrx_word' id='word_1_1' title='bbox 478 531 554 634; x_wconf 73' lang='lat'><strong>348</strong></span> <span class='ocrx_word' id='word_1_2' title='bbox 709 535 1158 612; x_wconf 80' lang='lat' dir='ltr'><strong>Hnurttarortuu</strong></span> <span class='ocrx_word' id='word_1_3' title='bbox 1194 528 1557 607; x_wconf 77' lang='lat' dir='ltr'><strong>Mouuusrrrt</strong></span> 
     </span>
    </p>

    <p class='ocr_par' dir='ltr' id='par_1_2' title="bbox 430 643 1847 1888">
     <span class='ocr_line' id='line_1_2' title="bbox 434 643 1839 748; baseline -0.006 -13"><span class='ocrx_word' id='word_1_4' title='bbox 434 659 473 735; x_wconf 78' lang='lat' dir='ltr'><strong>dt</strong></span> <span class='ocrx_word' id='word_1_5' title='bbox 501 657 675 734; x_wconf 75' lang='lat' dir='ltr'><strong>sinceram</strong></span> <span class='ocrx_word' id='word_1_6' title='bbox 705 660 744 735; x_wconf 88' lang='lat' dir='ltr'><strong>in</strong></span> <span class='ocrx_word' id='word_1_7' title='bbox 772 662 933 738; x_wconf 90' lang='lat' dir='ltr'><strong>domino</strong></span> <span class='ocrx_word' id='word_1_8' title='bbox 958 661 1175 736; x_wconf 81' lang='lat' dir='ltr'><strong>caritatem.</strong></span> <span class='ocrx_word' id='word_1_9' title='bbox 1209 654 1315 732; x_wconf 84' lang='lat' dir='ltr'>Olim</span> <span class='ocrx_word' id='word_1_10' title='bbox 1343 652 1559 731; x_wconf 87' lang='lat' dir='ltr'><strong>venerabilis</strong></span> <span class='ocrx_word' id='word_1_11' title='bbox 1586 643 1839 748; x_wconf 80' lang='lat' dir='ltr'><strong>&amp;religiosus</strong></span> 
     </span>
     <span class='ocr_line' id='line_1_3' title="bbox 436 775 1838 881; baseline -0.006 -23"><span class='ocrx_word' id='word_1_12' title='bbox 436 783 493 858; x_wconf 88' lang='lat' dir='ltr'><strong>vir</strong></span> <span class='ocrx_word' id='word_1_13' title='bbox 518 781 630 862; x_wconf 85' lang='lat' dir='ltr'><strong>frater</strong></span> <span class='ocrx_word' id='word_1_14' title='bbox 649 785 852 865; x_wconf 87' lang='lat' dir='ltr'><strong>Gnidottus</strong></span> <span class='ocrx_word' id='word_1_15' title='bbox 878 785 1020 862; x_wconf 83' lang='lat' dir='ltr'><strong>ordinis</strong></span> <span class='ocrx_word' id='word_1_16' title='bbox 1048 785 1336 862; x_wconf 88' lang='lat' dir='ltr'><strong>humiliatorum</strong></span> <span class='ocrx_word' id='word_1_17' title='bbox 1363 785 1547 881; x_wconf 87' lang='lat' dir='ltr'><strong>generalis</strong></span> <span class='ocrx_word' id='word_1_18' title='bbox 1574 775 1746 876; x_wconf 87' lang='lat' dir='ltr'><strong>magiller</strong></span> <span class='ocrx_word' id='word_1_19' title='bbox 1771 782 1838 870; x_wconf 82' lang='lat'><strong>(3),</strong></span> 
     </span>
     <span class='ocr_line' id='line_1_4' title="bbox 435 904 1842 1010; baseline -0.008 -24"><span class='ocrx_word' id='word_1_20' title='bbox 435 909 474 986; x_wconf 78' lang='lat' dir='ltr'><strong>dt</strong></span> <span class='ocrx_word' id='word_1_21' title='bbox 502 933 568 984; x_wconf 89' lang='lat' dir='ltr'><strong>vos</strong></span> <span class='ocrx_word' id='word_1_22' title='bbox 604 910 710 988; x_wconf 88' lang='lat' dir='ltr'><strong>nobis</strong></span> <span class='ocrx_word' id='word_1_23' title='bbox 745 911 940 990; x_wconf 85' lang='lat' dir='ltr'><strong>humiliter</strong></span> <span class='ocrx_word' id='word_1_24' title='bbox 979 910 1232 1010; x_wconf 87' lang='lat' dir='ltr'><strong>supplicastis,</strong></span> <span class='ocrx_word' id='word_1_25' title='bbox 1267 927 1308 986; x_wconf 92' lang='lat' dir='ltr'><strong>ut</strong></span> <span class='ocrx_word' id='word_1_26' title='bbox 1348 912 1432 1010; x_wconf 89' lang='lat' dir='ltr'><strong>quia</strong></span> <span class='ocrx_word' id='word_1_27' title='bbox 1469 904 1705 982; x_wconf 72' lang='lat' dir='ltr'><strong>sandiffimus</strong></span> <span class='ocrx_word' id='word_1_28' title='bbox 1741 923 1842 999; x_wconf 87' lang='lat' dir='ltr'><strong>parer</strong></span> 
     </span>
     <span class='ocr_line' id='line_1_5' title="bbox 437 1027 1843 1134; baseline -0.009 -20"><span class='ocrx_word' id='word_1_29' title='bbox 437 1030 636 1114; x_wconf 85' lang='lat' dir='ltr'><strong>Dominus</strong></span> <span class='ocrx_word' id='word_1_30' title='bbox 660 1033 873 1114; x_wconf 80' lang='lat' dir='ltr'><strong>Bonifatius</strong></span> <span class='ocrx_word' id='word_1_31' title='bbox 908 1038 1033 1114; x_wconf 86' lang='lat' dir='ltr'><strong>divina</strong></span> <span class='ocrx_word' id='word_1_32' title='bbox 1070 1037 1299 1134; x_wconf 88' lang='lat' dir='ltr'><strong>providentia</strong></span> <span class='ocrx_word' id='word_1_33' title='bbox 1339 1058 1432 1133; x_wconf 87' lang='lat' dir='ltr'><strong>papa</strong></span> <span class='ocrx_word' id='word_1_34' title='bbox 1468 1033 1615 1108; x_wconf 76' lang='lat' dir='ltr'><strong>attavus</strong></span> <span class='ocrx_word' id='word_1_35' title='bbox 1653 1027 1843 1102; x_wconf 89' lang='lat' dir='ltr'><strong>constituit</strong></span> 
     </span>
     <span class='ocr_line' id='line_1_6' title="bbox 439 1153 1843 1265; baseline -0.006 -31"><span class='ocrx_word' id='word_1_36' title='bbox 439 1159 572 1238; x_wconf 82' lang='lat' dir='ltr'><strong>omnes</strong></span> <span class='ocrx_word' id='word_1_37' title='bbox 600 1166 783 1239; x_wconf 79' lang='lat' dir='ltr'><strong>moniales</strong></span> <span class='ocrx_word' id='word_1_38' title='bbox 809 1163 1066 1265; x_wconf 81' lang='lat' dir='ltr'><strong>cujuscumque</strong></span> <span class='ocrx_word' id='word_1_39' title='bbox 1091 1166 1381 1242; x_wconf 84' lang='lat' dir='ltr'><strong>conditionis&amp;</strong></span> <span class='ocrx_word' id='word_1_40' title='bbox 1401 1162 1542 1237; x_wconf 83' lang='lat' dir='ltr'><strong>ordinis</strong></span> <span class='ocrx_word' id='word_1_41' title='bbox 1568 1156 1632 1234; x_wconf 93' lang='lat' dir='ltr'><strong>sub</strong></span> <span class='ocrx_word' id='word_1_42' title='bbox 1653 1176 1751 1232; x_wconf 86' lang='lat' dir='ltr'><strong>certa</strong></span> <span class='ocrx_word' id='word_1_43' title='bbox 1772 1153 1843 1230; x_wconf 87' lang='lat' dir='ltr'><strong>sor·</strong></span> 
     </span>
     <span class='ocr_line' id='line_1_7' title="bbox 441 1282 1846 1388; baseline -0.003 -26"><span class='ocrx_word' id='word_1_44' title='bbox 441 1313 503 1362; x_wconf 87' lang='lat' dir='ltr'><strong>ma</strong></span> <span class='ocrx_word' id='word_1_45' title='bbox 534 1314 594 1383; x_wconf 87' lang='lat' dir='ltr'><strong>per</strong></span> <span class='ocrx_word' id='word_1_46' title='bbox 621 1313 750 1364; x_wconf 87' lang='lat' dir='ltr'><strong>eorum</strong></span> <span class='ocrx_word' id='word_1_47' title='bbox 781 1289 980 1387; x_wconf 83' lang='lat' dir='ltr'><strong>superiores</strong></span> <span class='ocrx_word' id='word_1_48' title='bbox 1009 1294 1145 1368; x_wconf 86' lang='lat' dir='ltr'><strong>includi</strong></span> <span class='ocrx_word' id='word_1_49' title='bbox 1175 1295 1255 1388; x_wconf 88' lang='lat'>(4),</span> <span class='ocrx_word' id='word_1_50' title='bbox 1281 1290 1443 1368; x_wconf 70' lang='lat' dir='ltr'><strong>uidem</strong></span> <span class='ocrx_word' id='word_1_51' title='bbox 1466 1284 1639 1386; x_wconf 85' lang='lat' dir='ltr'><strong>Magiller</strong></span> <span class='ocrx_word' id='word_1_52' title='bbox 1666 1282 1846 1359; x_wconf 82' lang='lat' dir='ltr'><strong>llatutum</strong></span> 
     </span>
     <span class='ocr_line' id='line_1_8' title="bbox 439 1410 1843 1506; baseline 0 -18"><span class='ocrx_word' id='word_1_53' title='bbox 439 1412 653 1502; x_wconf 82' lang='lat' dir='ltr'><strong>hujusmodi</strong></span> <span class='ocrx_word' id='word_1_54' title='bbox 683 1417 865 1491; x_wconf 85' lang='lat' dir='ltr'><strong>mandans</strong></span> <span class='ocrx_word' id='word_1_55' title='bbox 891 1419 1101 1496; x_wconf 84' lang='lat' dir='ltr'><strong>executioni</strong></span> <span class='ocrx_word' id='word_1_56' title='bbox 1129 1417 1248 1495; x_wconf 88' lang='lat' dir='ltr'><strong>debite</strong></span> <span class='ocrx_word' id='word_1_57' title='bbox 1276 1437 1518 1506; x_wconf 81' lang='lat' dir='ltr'><strong>reverenter,</strong></span> <span class='ocrx_word' id='word_1_58' title='bbox 1559 1410 1660 1488; x_wconf 86' lang='lat' dir='ltr'><strong>vobis</strong></span> <span class='ocrx_word' id='word_1_59' title='bbox 1694 1415 1733 1490; x_wconf 81' lang='lat' dir='ltr'><strong>dt</strong></span> <span class='ocrx_word' id='word_1_60' title='bbox 1758 1414 1843 1488; x_wconf 87' lang='lat' dir='ltr'><strong>loco</strong></span> 
     </span>
     <span class='ocr_line' id='line_1_9' title="bbox 430 1536 1846 1638; baseline -0.002 -22"><span class='ocrx_word' id='word_1_61' title='bbox 430 1537 562 1616; x_wconf 67' lang='lat' dir='ltr'><strong>&#39;vellro</strong></span> <span class='ocrx_word' id='word_1_62' title='bbox 589 1538 686 1628; x_wconf 85' lang='lat' dir='ltr'><strong>iuxta</strong></span> <span class='ocrx_word' id='word_1_63' title='bbox 715 1536 840 1614; x_wconf 86' lang='lat' dir='ltr'><strong>statuti</strong></span> <span class='ocrx_word' id='word_1_64' title='bbox 869 1537 996 1636; x_wconf 86' lang='lat' dir='ltr'><strong>prefati</strong></span> <span class='ocrx_word' id='word_1_65' title='bbox 1024 1543 1197 1618; x_wconf 86' lang='lat' dir='ltr'><strong>ordinem</strong></span> <span class='ocrx_word' id='word_1_66' title='bbox 1224 1545 1367 1618; x_wconf 80' lang='lat' dir='ltr'><strong>duxerit</strong></span> <span class='ocrx_word' id='word_1_67' title='bbox 1397 1539 1698 1638; x_wconf 90' lang='lat' dir='ltr'><strong>providendum,</strong></span> <span class='ocrx_word' id='word_1_68' title='bbox 1732 1539 1846 1614; x_wconf 84' lang='lat' dir='ltr'><strong>ecele-</strong></span> 
     </span>
     <span class='ocr_line' id='line_1_10' title="bbox 441 1661 1845 1758; baseline 0 -18"><span class='ocrx_word' id='word_1_69' title='bbox 441 1661 535 1740; x_wconf 76' lang='lat' dir='ltr'><strong>siam</strong></span> <span class='ocrx_word' id='word_1_70' title='bbox 552 1661 812 1758; x_wconf 89' lang='lat' dir='ltr'><strong>construendi,</strong></span> <span class='ocrx_word' id='word_1_71' title='bbox 837 1691 877 1743; x_wconf 87' lang='lat' dir='ltr'><strong>ac</strong></span> <span class='ocrx_word' id='word_1_72' title='bbox 905 1667 990 1743; x_wconf 87' lang='lat' dir='ltr'><strong>inibi</strong></span> <span class='ocrx_word' id='word_1_73' title='bbox 1018 1668 1144 1743; x_wconf 87' lang='lat' dir='ltr'><strong>divina</strong></span> <span class='ocrx_word' id='word_1_74' title='bbox 1173 1665 1291 1744; x_wconf 89' lang='lat' dir='ltr'><strong>officia</strong></span> <span class='ocrx_word' id='word_1_75' title='bbox 1313 1669 1518 1744; x_wconf 88' lang='lat' dir='ltr'><strong>celebrandi</strong></span> <span class='ocrx_word' id='word_1_76' title='bbox 1542 1669 1733 1743; x_wconf 86' lang='lat' dir='ltr'><strong>licentiam</strong></span> <span class='ocrx_word' id='word_1_77' title='bbox 1755 1691 1845 1741; x_wconf 86' lang='lat' dir='ltr'><strong>con·</strong></span> 
     </span>
     <span class='ocr_line' id='line_1_11' title="bbox 442 1788 1847 1888; baseline -0.002 -22"><span class='ocrx_word' id='word_1_78' title='bbox 442 1791 568 1866; x_wconf 84' lang='lat' dir='ltr'><strong>cedere</strong></span> <span class='ocrx_word' id='word_1_79' title='bbox 594 1791 858 1884; x_wconf 82' lang='lat' dir='ltr'><strong>dignaremur.</strong></span> <span class='ocrx_word' id='word_1_80' title='bbox 893 1789 953 1864; x_wconf 87' lang='lat' dir='ltr'><strong>En</strong></span> <span class='ocrx_word' id='word_1_81' title='bbox 983 1792 1096 1884; x_wconf 87' lang='lat' dir='ltr'><strong>igitur</strong></span> <span class='ocrx_word' id='word_1_82' title='bbox 1123 1795 1231 1882; x_wconf 92' lang='lat' dir='ltr'><strong>zelo,</strong></span> <span class='ocrx_word' id='word_1_83' title='bbox 1257 1819 1332 1888; x_wconf 89' lang='lat' dir='ltr'><strong>quo</strong></span> <span class='ocrx_word' id='word_1_84' title='bbox 1359 1788 1544 1888; x_wconf 83' lang='lat' dir='ltr'><strong>prefatum</strong></span> <span class='ocrx_word' id='word_1_85' title='bbox 1571 1789 1756 1866; x_wconf 88' lang='lat' dir='ltr'><strong>Ordinem</strong></span> <span class='ocrx_word' id='word_1_86' title='bbox 1786 1813 1847 1864; x_wconf 81' lang='lat' dir='ltr'><strong>ve-</strong></span> 
     </span>
    </p>

    <p class='ocr_par' dir='ltr' id='par_1_3' title="bbox 357 1909 1851 3770">
     <span class='ocr_line' id='line_1_12' title="bbox 440 1909 1845 2016; baseline 0.004 -30"><span class='ocrx_word' id='word_1_87' title='bbox 440 1909 556 2016; x_wconf 86' lang='lat' dir='ltr'><strong>llrum</strong></span> <span class='ocrx_word' id='word_1_88' title='bbox 585 1911 622 1986; x_wconf 90' lang='lat' dir='ltr'><strong>in</strong></span> <span class='ocrx_word' id='word_1_89' title='bbox 650 1911 811 1986; x_wconf 88' lang='lat' dir='ltr'><strong>domino</strong></span> <span class='ocrx_word' id='word_1_90' title='bbox 841 1909 1203 2008; x_wconf 74' lang='lat' dir='ltr'><strong>specialiaffeslione</strong></span> <span class='ocrx_word' id='word_1_91' title='bbox 1230 1915 1507 2014; x_wconf 84' lang='lat' dir='ltr'><strong>prosequimur,</strong></span> <span class='ocrx_word' id='word_1_92' title='bbox 1533 1913 1657 2015; x_wconf 83' lang='lat' dir='ltr'><strong>prefati</strong></span> <span class='ocrx_word' id='word_1_93' title='bbox 1682 1914 1845 2014; x_wconf 83' lang='lat' dir='ltr'><strong>magistri</strong></span> 
     </span>
     <span class='ocr_line' id='line_1_13' title="bbox 357 2022 1847 2138; baseline -0.002 -21"><span class='ocrx_word' id='word_1_94' title='bbox 357 2022 362 2030; x_wconf 52' lang='grc'><em>’</em></span> <span class='ocrx_word' id='word_1_95' title='bbox 443 2043 481 2117; x_wconf 84' lang='lat' dir='ltr'><strong>bt</strong></span> <span class='ocrx_word' id='word_1_96' title='bbox 505 2037 626 2114; x_wconf 86' lang='lat' dir='ltr'><strong>vestris</strong></span> <span class='ocrx_word' id='word_1_97' title='bbox 653 2035 979 2134; x_wconf 70' lang='lat' dir='ltr'><strong>supplicationibus</strong></span> <span class='ocrx_word' id='word_1_98' title='bbox 1006 2039 1200 2132; x_wconf 87' lang='lat' dir='ltr'><strong>inclinati,</strong></span> <span class='ocrx_word' id='word_1_99' title='bbox 1219 2064 1260 2116; x_wconf 88' lang='lat' dir='ltr'><strong>ac</strong></span> <span class='ocrx_word' id='word_1_100' title='bbox 1285 2036 1450 2114; x_wconf 83' lang='lat' dir='ltr'><strong>faventes</strong></span> <span class='ocrx_word' id='word_1_101' title='bbox 1476 2039 1542 2116; x_wconf 92' lang='lat' dir='ltr'><strong>suo</strong></span> <span class='ocrx_word' id='word_1_102' title='bbox 1570 2045 1607 2118; x_wconf 82' lang='lat' dir='ltr'><strong>dt</strong></span> <span class='ocrx_word' id='word_1_103' title='bbox 1628 2039 1745 2116; x_wconf 85' lang='lat' dir='ltr'><strong>vellro</strong></span> <span class='ocrx_word' id='word_1_104' title='bbox 1769 2063 1847 2138; x_wconf 91' lang='lat' dir='ltr'><strong>pro·</strong></span> 
     </span>
     <span class='ocr_line' id='line_1_14' title="bbox 440 2158 1851 2263; baseline 0.001 -25"><span class='ocrx_word' id='word_1_105' title='bbox 440 2161 565 2260; x_wconf 70' lang='lat' dir='ltr'><strong>posito</strong></span> <span class='ocrx_word' id='word_1_106' title='bbox 595 2183 814 2260; x_wconf 79' lang='lat' dir='ltr'><strong>pretaxato,</strong></span> <span class='ocrx_word' id='word_1_107' title='bbox 852 2165 955 2240; x_wconf 86' lang='lat' dir='ltr'><strong>vobis</strong></span> <span class='ocrx_word' id='word_1_108' title='bbox 982 2164 1022 2238; x_wconf 89' lang='lat' dir='ltr'><strong>in</strong></span> <span class='ocrx_word' id='word_1_109' title='bbox 1051 2162 1230 2260; x_wconf 75' lang='lat' dir='ltr'><strong>sepedido</strong></span> <span class='ocrx_word' id='word_1_110' title='bbox 1256 2164 1376 2254; x_wconf 91' lang='lat' dir='ltr'><strong>loco,</strong></span> <span class='ocrx_word' id='word_1_111' title='bbox 1414 2158 1491 2237; x_wconf 85' lang='lat' dir='ltr'><strong>fine</strong></span> <span class='ocrx_word' id='word_1_112' title='bbox 1519 2165 1719 2260; x_wconf 87' lang='lat' dir='ltr'><strong>preludicio</strong></span> <span class='ocrx_word' id='word_1_113' title='bbox 1746 2189 1851 2263; x_wconf 90' lang='lat' dir='ltr'><strong>paro·</strong></span> 
     </span>
     <span class='ocr_line' id='line_1_15' title="bbox 441 2285 1849 2384; baseline 0.001 -18"><span class='ocrx_word' id='word_1_114' title='bbox 441 2288 577 2366; x_wconf 80' lang='lat' dir='ltr'><strong>thialis</strong></span> <span class='ocrx_word' id='word_1_115' title='bbox 603 2285 791 2382; x_wconf 87' lang='lat' dir='ltr'><strong>Ecclelie,</strong></span> <span class='ocrx_word' id='word_1_116' title='bbox 818 2288 882 2362; x_wconf 91' lang='lat' dir='ltr'><strong>sub</strong></span> <span class='ocrx_word' id='word_1_117' title='bbox 909 2287 1059 2364; x_wconf 88' lang='lat' dir='ltr'><strong>honore</strong></span> <span class='ocrx_word' id='word_1_118' title='bbox 1086 2286 1190 2366; x_wconf 90' lang='lat' dir='ltr'><strong>beate</strong></span> <span class='ocrx_word' id='word_1_119' title='bbox 1216 2290 1332 2366; x_wconf 90' lang='lat' dir='ltr'><strong>marie</strong></span> <span class='ocrx_word' id='word_1_120' title='bbox 1360 2290 1514 2384; x_wconf 82' lang='lat' dir='ltr'><strong>virginis</strong></span> <span class='ocrx_word' id='word_1_121' title='bbox 1540 2292 1729 2366; x_wconf 86' lang='lat' dir='ltr'><strong>licentiam</strong></span> <span class='ocrx_word' id='word_1_122' title='bbox 1758 2315 1849 2367; x_wconf 90' lang='lat' dir='ltr'><strong>con·</strong></span> 
     </span>
     <span class='ocr_line' id='line_1_16' title="bbox 440 2408 1846 2512; baseline 0.001 -22"><span class='ocrx_word' id='word_1_123' title='bbox 440 2411 607 2491; x_wconf 79' lang='lat' dir='ltr'><strong>cessamus</strong></span> <span class='ocrx_word' id='word_1_124' title='bbox 624 2411 822 2490; x_wconf 79' lang='lat' dir='ltr'><strong>Ecclesiam</strong></span> <span class='ocrx_word' id='word_1_125' title='bbox 845 2409 1106 2504; x_wconf 87' lang='lat' dir='ltr'><strong>construendi,</strong></span> <span class='ocrx_word' id='word_1_126' title='bbox 1132 2408 1306 2488; x_wconf 85' lang='lat' dir='ltr'><strong>facientes</strong></span> <span class='ocrx_word' id='word_1_127' title='bbox 1333 2437 1394 2512; x_wconf 92' lang='lat' dir='ltr'><strong>per</strong></span> <span class='ocrx_word' id='word_1_128' title='bbox 1421 2412 1631 2508; x_wconf 83' lang='lat' dir='ltr'><strong>religiosum</strong></span> <span class='ocrx_word' id='word_1_129' title='bbox 1659 2420 1696 2492; x_wconf 82' lang='lat' dir='ltr'><strong>bt</strong></span> <span class='ocrx_word' id='word_1_130' title='bbox 1717 2417 1846 2492; x_wconf 84' lang='lat' dir='ltr'><strong>discre-</strong></span> 
     </span>
     <span class='ocr_line' id='line_1_17' title="bbox 442 2539 1848 2642; baseline 0.001 -18"><span class='ocrx_word' id='word_1_131' title='bbox 442 2565 523 2624; x_wconf 90' lang='lat' dir='ltr'><strong>tum</strong></span> <span class='ocrx_word' id='word_1_132' title='bbox 553 2547 675 2620; x_wconf 86' lang='lat' dir='ltr'><strong>virum</strong></span> <span class='ocrx_word' id='word_1_133' title='bbox 703 2540 853 2620; x_wconf 85' lang='lat' dir='ltr'><strong>fratrem</strong></span> <span class='ocrx_word' id='word_1_134' title='bbox 880 2543 1132 2620; x_wconf 91' lang='lat' dir='ltr'><strong>Guillelmum</strong></span> <span class='ocrx_word' id='word_1_135' title='bbox 1161 2539 1383 2642; x_wconf 87' lang='lat' dir='ltr'><strong>prepositum</strong></span> <span class='ocrx_word' id='word_1_136' title='bbox 1411 2539 1720 2642; x_wconf 66' lang='lat' dir='ltr'><strong>&amp;christophori</strong></span> <span class='ocrx_word' id='word_1_137' title='bbox 1747 2545 1848 2625; x_wconf 88' lang='lat' dir='ltr'><strong>Lau·</strong></span> 
     </span>
     <span class='ocr_line' id='line_1_18' title="bbox 442 2665 1845 2767; baseline 0.005 -21"><span class='ocrx_word' id='word_1_138' title='bbox 442 2665 565 2746; x_wconf 84' lang='lat' dir='ltr'><strong>densis</strong></span> <span class='ocrx_word' id='word_1_139' title='bbox 590 2669 810 2764; x_wconf 86' lang='lat' dir='ltr'><strong>primarium</strong></span> <span class='ocrx_word' id='word_1_140' title='bbox 838 2671 997 2767; x_wconf 82' lang='lat' dir='ltr'><strong>lapidem</strong></span> <span class='ocrx_word' id='word_1_141' title='bbox 1026 2670 1142 2766; x_wconf 88' lang='lat' dir='ltr'><strong>poni,</strong></span> <span class='ocrx_word' id='word_1_142' title='bbox 1168 2693 1209 2744; x_wconf 86' lang='lat' dir='ltr'><strong>ac</strong></span> <span class='ocrx_word' id='word_1_143' title='bbox 1236 2667 1370 2744; x_wconf 89' lang='lat' dir='ltr'><strong>ibidem</strong></span> <span class='ocrx_word' id='word_1_144' title='bbox 1396 2669 1524 2746; x_wconf 87' lang='lat' dir='ltr'><strong>divina</strong></span> <span class='ocrx_word' id='word_1_145' title='bbox 1551 2671 1757 2751; x_wconf 81' lang='lat' dir='ltr'><strong>celebrandi</strong></span> <span class='ocrx_word' id='word_1_146' title='bbox 1785 2674 1845 2752; x_wconf 86' lang='lat' dir='ltr'><strong>of·</strong></span> 
     </span>
     <span class='ocr_line' id='line_1_19' title="bbox 443 2788 1847 2895; baseline 0.005 -23"><span class='ocrx_word' id='word_1_147' title='bbox 443 2793 525 2872; x_wconf 85' lang='lat' dir='ltr'><strong>ficia</strong></span> <span class='ocrx_word' id='word_1_148' title='bbox 552 2791 706 2868; x_wconf 86' lang='lat' dir='ltr'><strong>liberam</strong></span> <span class='ocrx_word' id='word_1_149' title='bbox 735 2792 930 2868; x_wconf 86' lang='lat' dir='ltr'><strong>tribuimus</strong></span> <span class='ocrx_word' id='word_1_150' title='bbox 956 2788 1193 2868; x_wconf 86' lang='lat' dir='ltr'><strong>facultatem.</strong></span> <span class='ocrx_word' id='word_1_151' title='bbox 1234 2789 1287 2870; x_wconf 90' lang='lat' dir='ltr'><strong>Ut</strong></span> <span class='ocrx_word' id='word_1_152' title='bbox 1313 2813 1436 2870; x_wconf 88' lang='lat' dir='ltr'><strong>autem</strong></span> <span class='ocrx_word' id='word_1_153' title='bbox 1471 2819 1518 2872; x_wconf 92' lang='lat' dir='ltr'><strong>eo</strong></span> <span class='ocrx_word' id='word_1_154' title='bbox 1552 2799 1709 2895; x_wconf 87' lang='lat' dir='ltr'><strong>amplius</strong></span> <span class='ocrx_word' id='word_1_155' title='bbox 1736 2803 1847 2880; x_wconf 83' lang='lat' dir='ltr'><strong>devo·</strong></span> 
     </span>
     <span class='ocr_line' id='line_1_20' title="bbox 446 2912 1842 3016; baseline 0.01 -24"><span class='ocrx_word' id='word_1_156' title='bbox 446 2919 505 2994; x_wconf 91' lang='lat' dir='ltr'><strong>tio</strong></span> <span class='ocrx_word' id='word_1_157' title='bbox 530 2919 709 2994; x_wconf 84' lang='lat' dir='ltr'><strong>excitetur</strong></span> <span class='ocrx_word' id='word_1_158' title='bbox 735 2913 925 3009; x_wconf 88' lang='lat' dir='ltr'><strong>fidelium,</strong></span> <span class='ocrx_word' id='word_1_159' title='bbox 950 2941 1026 3016; x_wconf 90' lang='lat' dir='ltr'><strong>quo</strong></span> <span class='ocrx_word' id='word_1_160' title='bbox 1051 2914 1213 2992; x_wconf 73' lang='lat' dir='ltr'><strong>frustum</strong></span> <span class='ocrx_word' id='word_1_161' title='bbox 1240 2912 1293 2992; x_wconf 92' lang='lat' dir='ltr'><strong>sui</strong></span> <span class='ocrx_word' id='word_1_162' title='bbox 1320 2915 1408 2992; x_wconf 93' lang='lat' dir='ltr'><strong>boni</strong></span> <span class='ocrx_word' id='word_1_163' title='bbox 1435 2921 1556 3016; x_wconf 86' lang='lat' dir='ltr'><strong>operis</strong></span> <span class='ocrx_word' id='word_1_164' title='bbox 1575 2921 1638 2998; x_wconf 89' lang='lat' dir='ltr'><strong>fibi</strong></span> <span class='ocrx_word' id='word_1_165' title='bbox 1660 2923 1842 3006; x_wconf 87' lang='lat' dir='ltr'><strong>senserint</strong></span> 
     </span>
     <span class='ocr_line' id='line_1_21' title="bbox 443 3041 1844 3149; baseline 0.008 -29"><span class='ocrx_word' id='word_1_166' title='bbox 443 3045 675 3143; x_wconf 89' lang='lat' dir='ltr'><strong>provenire,</strong></span> <span class='ocrx_word' id='word_1_167' title='bbox 716 3041 850 3142; x_wconf 87' lang='lat' dir='ltr'><strong>vosque</strong></span> <span class='ocrx_word' id='word_1_168' title='bbox 877 3041 985 3116; x_wconf 90' lang='lat' dir='ltr'><strong>bonis</strong></span> <span class='ocrx_word' id='word_1_169' title='bbox 1012 3043 1122 3118; x_wconf 91' lang='lat' dir='ltr'><strong>donis</strong></span> <span class='ocrx_word' id='word_1_170' title='bbox 1148 3046 1282 3120; x_wconf 86' lang='lat' dir='ltr'><strong>vacetis</strong></span> <span class='ocrx_word' id='word_1_171' title='bbox 1308 3043 1531 3140; x_wconf 85' lang='lat' dir='ltr'><strong>instantius,</strong></span> <span class='ocrx_word' id='word_1_172' title='bbox 1568 3073 1644 3149; x_wconf 89' lang='lat' dir='ltr'><strong>quo</strong></span> <span class='ocrx_word' id='word_1_173' title='bbox 1669 3053 1844 3148; x_wconf 81' lang='lat' dir='ltr'><strong>gratiosis</strong></span> 
     </span>
     <span class='ocr_line' id='line_1_22' title="bbox 440 3155 1847 3278; baseline 0.007 -26"><span class='ocrx_word' id='word_1_174' title='bbox 440 3177 552 3252; x_wconf 89' lang='lat' dir='ltr'><strong>donis</strong></span> <span class='ocrx_word' id='word_1_175' title='bbox 577 3155 719 3251; x_wconf 82' lang='lat' dir='ltr'><strong>sueriris</strong></span> <span class='ocrx_word' id='word_1_176' title='bbox 748 3173 994 3269; x_wconf 88' lang='lat' dir='ltr'><strong>premunite,</strong></span> <span class='ocrx_word' id='word_1_177' title='bbox 1030 3173 1076 3248; x_wconf 89' lang='lat' dir='ltr'><strong>de</strong></span> <span class='ocrx_word' id='word_1_178' title='bbox 1104 3173 1375 3271; x_wconf 89' lang='lat' dir='ltr'><strong>omnipotentis</strong></span> <span class='ocrx_word' id='word_1_179' title='bbox 1401 3175 1459 3251; x_wconf 90' lang='lat' dir='ltr'><strong>dei</strong></span> <span class='ocrx_word' id='word_1_180' title='bbox 1486 3174 1768 3278; x_wconf 84' lang='lat' dir='ltr'><strong>misericordia,</strong></span> <span class='ocrx_word' id='word_1_181' title='bbox 1809 3189 1847 3268; x_wconf 82' lang='lat' dir='ltr'><strong>dt</strong></span> 
     </span>
     <span class='ocr_line' id='line_1_23' title="bbox 440 3297 1844 3404; baseline 0.002 -22"><span class='ocrx_word' id='word_1_182' title='bbox 440 3305 547 3382; x_wconf 88' lang='lat' dir='ltr'><strong>beate</strong></span> <span class='ocrx_word' id='word_1_183' title='bbox 575 3299 695 3378; x_wconf 88' lang='lat' dir='ltr'><strong>Marie</strong></span> <span class='ocrx_word' id='word_1_184' title='bbox 724 3297 863 3395; x_wconf 90' lang='lat' dir='ltr'><strong>semper</strong></span> <span class='ocrx_word' id='word_1_185' title='bbox 893 3299 1068 3398; x_wconf 88' lang='lat' dir='ltr'><strong>virginis,</strong></span> <span class='ocrx_word' id='word_1_186' title='bbox 1094 3301 1131 3376; x_wconf 81' lang='lat' dir='ltr'><strong>dt</strong></span> <span class='ocrx_word' id='word_1_187' title='bbox 1156 3297 1351 3373; x_wconf 88' lang='lat' dir='ltr'><strong>beatorum</strong></span> <span class='ocrx_word' id='word_1_188' title='bbox 1376 3297 1630 3394; x_wconf 82' lang='lat' dir='ltr'><strong>apostolorum</strong></span> <span class='ocrx_word' id='word_1_189' title='bbox 1657 3309 1782 3404; x_wconf 90' lang='lat' dir='ltr'><strong>petri,</strong></span> <span class='ocrx_word' id='word_1_190' title='bbox 1806 3317 1844 3393; x_wconf 85' lang='lat' dir='ltr'><strong>dt</strong></span> 
     </span>
     <span class='ocr_line' id='line_1_24' title="bbox 443 3418 1845 3536; baseline -0.001 -32"><span class='ocrx_word' id='word_1_191' title='bbox 443 3433 572 3530; x_wconf 87' lang='lat' dir='ltr'><strong>pauli,</strong></span> <span class='ocrx_word' id='word_1_192' title='bbox 598 3434 634 3507; x_wconf 82' lang='lat' dir='ltr'><strong>dt</strong></span> <span class='ocrx_word' id='word_1_193' title='bbox 662 3427 758 3504; x_wconf 88' lang='lat' dir='ltr'><strong>beati</strong></span> <span class='ocrx_word' id='word_1_194' title='bbox 786 3420 932 3502; x_wconf 84' lang='lat' dir='ltr'><strong>baffiani</strong></span> <span class='ocrx_word' id='word_1_195' title='bbox 961 3419 1209 3518; x_wconf 84' lang='lat' dir='ltr'><strong>graciosrllimi</strong></span> <span class='ocrx_word' id='word_1_196' title='bbox 1236 3418 1445 3502; x_wconf 86' lang='lat' dir='ltr'><strong>confessoris</strong></span> <span class='ocrx_word' id='word_1_197' title='bbox 1467 3430 1613 3508; x_wconf 79' lang='lat' dir='ltr'><strong>ecclesie</strong></span> <span class='ocrx_word' id='word_1_198' title='bbox 1635 3434 1759 3514; x_wconf 85' lang='lat' dir='ltr'><strong>nostre</strong></span> <span class='ocrx_word' id='word_1_199' title='bbox 1785 3464 1845 3536; x_wconf 83' lang='lat' dir='ltr'><strong>pa.</strong></span> 
     </span>
     <span class='ocr_line' id='line_1_25' title="bbox 442 3547 1842 3662; baseline 0.002 -31"><span class='ocrx_word' id='word_1_200' title='bbox 442 3554 544 3631; x_wconf 89' lang='lat' dir='ltr'><strong>troni</strong></span> <span class='ocrx_word' id='word_1_201' title='bbox 573 3557 627 3649; x_wconf 85' lang='lat'><strong>(5)</strong></span> <span class='ocrx_word' id='word_1_202' title='bbox 655 3550 763 3625; x_wconf 86' lang='lat' dir='ltr'><strong>vobis</strong></span> <span class='ocrx_word' id='word_1_203' title='bbox 788 3553 826 3628; x_wconf 84' lang='lat' dir='ltr'><strong>dt</strong></span> <span class='ocrx_word' id='word_1_204' title='bbox 851 3547 1027 3625; x_wconf 91' lang='lat' dir='ltr'><strong>omnibus</strong></span> <span class='ocrx_word' id='word_1_205' title='bbox 1054 3569 1139 3624; x_wconf 83' lang='lat' dir='ltr'><strong>vere</strong></span> <span class='ocrx_word' id='word_1_206' title='bbox 1166 3549 1475 3645; x_wconf 82' lang='lat' dir='ltr'><strong>penitentibus&amp;</strong></span> <span class='ocrx_word' id='word_1_207' title='bbox 1500 3548 1691 3655; x_wconf 87' lang='lat' dir='ltr'><strong>conlellis,</strong></span> <span class='ocrx_word' id='word_1_208' title='bbox 1712 3564 1777 3662; x_wconf 88' lang='lat' dir='ltr'><strong>qui</strong></span> <span class='ocrx_word' id='word_1_209' title='bbox 1801 3567 1842 3641; x_wconf 83' lang='lat' dir='ltr'><strong>in</strong></span> 
     </span>
     <span class='ocr_line' id='line_1_26' title="bbox 440 3671 1844 3770; baseline 0.006 -9"><span class='ocrx_word' id='word_1_210' title='bbox 440 3675 535 3761; x_wconf 78' lang='lat' dir='ltr'><strong>felin</strong></span> <span class='ocrx_word' id='word_1_211' title='bbox 563 3675 665 3755; x_wconf 88' lang='lat' dir='ltr'><strong>beate</strong></span> <span class='ocrx_word' id='word_1_212' title='bbox 691 3671 814 3754; x_wconf 89' lang='lat' dir='ltr'><strong>Marie</strong></span> <span class='ocrx_word' id='word_1_213' title='bbox 842 3726 1036 3752; x_wconf 86' lang='grc'><strong>......</strong></span> <span class='ocrx_word' id='word_1_214' title='bbox 1068 3676 1124 3767; x_wconf 84' lang='grc'><strong>(6)</strong></span> <span class='ocrx_word' id='word_1_215' title='bbox 1150 3697 1236 3754; x_wconf 87' lang='lat' dir='ltr'><strong>cum</strong></span> <span class='ocrx_word' id='word_1_216' title='bbox 1261 3671 1381 3754; x_wconf 87' lang='lat' dir='ltr'><strong>debita</strong></span> <span class='ocrx_word' id='word_1_217' title='bbox 1406 3675 1607 3761; x_wconf 87' lang='lat' dir='ltr'><strong>devotione</strong></span> <span class='ocrx_word' id='word_1_218' title='bbox 1632 3709 1844 3770; x_wconf 88' lang='lat' dir='ltr'><strong>reverenter</strong></span> 
     </span>
    </p>
   </div>
   <div class='ocr_carea' id='block_1_2' title="bbox 1660 3815 1796 3894">
    <p class='ocr_par' dir='ltr' id='par_1_4' title="bbox 1660 3815 1796 3894">
     <span class='ocr_line' id='line_1_27' title="bbox 1660 3815 1796 3894; baseline 0.007 -2"><span class='ocrx_word' id='word_1_219' title='bbox 1660 3817 1698 3893; x_wconf 71' lang='grc' dir='ltr'><strong>ὃ(</strong></span> <span class='ocrx_word' id='word_1_220' title='bbox 1726 3815 1796 3894; x_wconf 89' lang='lat' dir='ltr'><strong>bu·</strong></span> 
     </span>
    </p>
   </div>
   <div class='ocr_carea' id='block_1_3' title="bbox 440 3929 1846 4564">
    <p class='ocr_par' dir='ltr' id='par_1_5' title="bbox 440 3929 1846 4564">
     <span class='ocr_line' id='line_1_28' title="bbox 458 3929 1842 3964; baseline 0 -8"><span class='ocrx_word' id='word_1_221' title='bbox 458 3929 1842 3964; x_wconf 48' lang='grc' dir='ltr'><em>Ἣ</em></span> 
     </span>
     <span class='ocr_line' id='line_1_29' title="bbox 441 3991 1844 4072; baseline 0.005 -15"><span class='ocrx_word' id='word_1_222' title='bbox 441 3997 484 4072; x_wconf 72' lang='lat' dir='ltr'><strong>(a)</strong></span> <span class='ocrx_word' id='word_1_223' title='bbox 504 3997 551 4058; x_wconf 90' lang='lat' dir='ltr'><strong>De</strong></span> <span class='ocrx_word' id='word_1_224' title='bbox 575 3995 711 4055; x_wconf 85' lang='lat' dir='ltr'><strong>Generali</strong></span> <span class='ocrx_word' id='word_1_225' title='bbox 741 3995 794 4054; x_wconf 89' lang='lat' dir='ltr'><strong>boe</strong></span> <span class='ocrx_word' id='word_1_226' title='bbox 819 3993 1040 4054; x_wconf 84' lang='lat' dir='ltr'><strong>Humiiiatorura</strong></span> <span class='ocrx_word' id='word_1_227' title='bbox 1056 3991 1120 4050; x_wconf 81' lang='lat' dir='ltr'><strong>Ma·</strong></span> <span class='ocrx_word' id='word_1_228' title='bbox 1159 3991 1203 4062; x_wconf 78' lang='lat'><strong>(6)</strong></span> <span class='ocrx_word' id='word_1_229' title='bbox 1221 3991 1295 4066; x_wconf 69' lang='lat' dir='ltr'><strong>Qut</strong></span> <span class='ocrx_word' id='word_1_230' title='bbox 1311 4007 1368 4063; x_wconf 76' lang='lat' dir='ltr'><strong>pru</strong></span> <span class='ocrx_word' id='word_1_231' title='bbox 1385 3997 1482 4057; x_wconf 80' lang='lat' dir='ltr'><strong>ueteris</strong></span> <span class='ocrx_word' id='word_1_232' title='bbox 1499 3997 1631 4069; x_wconf 74' lang='lat' dir='ltr'><strong>uespere</strong></span> <span class='ocrx_word' id='word_1_233' title='bbox 1653 3996 1844 4065; x_wconf 83' lang='lat' dir='ltr'><strong>lelliritasee·</strong></span> 
     </span>
     <span class='ocr_line' id='line_1_30' title="bbox 477 4088 1843 4170; baseline 0.009 -18"><span class='ocrx_word' id='word_1_234' title='bbox 477 4097 565 4170; x_wconf 75' lang='lat' dir='ltr'><strong>gillro</strong></span> <span class='ocrx_word' id='word_1_235' title='bbox 585 4095 622 4154; x_wconf 86' lang='lat' dir='ltr'><strong>V.</strong></span> <span class='ocrx_word' id='word_1_236' title='bbox 642 4094 711 4154; x_wconf 81' lang='lat' dir='ltr'><strong>Vol.</strong></span> <span class='ocrx_word' id='word_1_237' title='bbox 731 4095 752 4152; x_wconf 89' lang='lat' dir='ltr'><strong>l.</strong></span> <span class='ocrx_word' id='word_1_238' title='bbox 769 4109 902 4168; x_wconf 58' lang='lat' dir='ltr'><strong>paneas.</strong></span> <span class='ocrx_word' id='word_1_239' title='bbox 1201 4088 1330 4152; x_wconf 85' lang='lat' dir='ltr'><strong>lebranda</strong></span> <span class='ocrx_word' id='word_1_240' title='bbox 1351 4089 1406 4162; x_wconf 82' lang='lat' dir='ltr'><strong>fit,</strong></span> <span class='ocrx_word' id='word_1_241' title='bbox 1434 4111 1490 4156; x_wconf 81' lang='lat' dir='ltr'><strong>non</strong></span> <span class='ocrx_word' id='word_1_242' title='bbox 1513 4095 1668 4158; x_wconf 76' lang='lat' dir='ltr'><strong>indicatur·</strong></span> <span class='ocrx_word' id='word_1_243' title='bbox 1698 4099 1753 4161; x_wconf 69' lang='lat' dir='ltr'><strong>sud</strong></span> <span class='ocrx_word' id='word_1_244' title='bbox 1783 4121 1843 4164; x_wconf 74' lang='lat' dir='ltr'><strong>narn</strong></span> 
     </span>
     <span class='ocr_line' id='line_1_31' title="bbox 440 4187 1845 4271; baseline 0.007 -17"><span class='ocrx_word' id='word_1_245' title='bbox 440 4194 483 4271; x_wconf 73' lang='lat' dir='ltr'><strong>(a)</strong></span> <span class='ocrx_word' id='word_1_246' title='bbox 503 4195 549 4254; x_wconf 87' lang='lat' dir='ltr'><strong>De</strong></span> <span class='ocrx_word' id='word_1_247' title='bbox 567 4191 618 4250; x_wconf 82' lang='lat' dir='ltr'><strong>bae</strong></span> <span class='ocrx_word' id='word_1_248' title='bbox 627 4191 763 4250; x_wconf 68' lang='lat' dir='ltr'><strong>Boulinoi</strong></span> <span class='ocrx_word' id='word_1_249' title='bbox 775 4194 851 4266; x_wconf 76' lang='lat' dir='ltr'><strong>lege,</strong></span> <span class='ocrx_word' id='word_1_250' title='bbox 866 4190 940 4252; x_wconf 80' lang='lat' dir='ltr'><strong>aede</strong></span> <span class='ocrx_word' id='word_1_251' title='bbox 952 4191 1125 4250; x_wconf 76' lang='lat' dir='ltr'><strong>Humilitto·</strong></span> <span class='ocrx_word' id='word_1_252' title='bbox 1197 4189 1300 4250; x_wconf 64' lang='lat' dir='ltr'><strong>adm</strong></span> <span class='ocrx_word' id='word_1_253' title='bbox 1322 4187 1358 4248; x_wconf 81' lang='lat' dir='ltr'><strong>fit</strong></span> <span class='ocrx_word' id='word_1_254' title='bbox 1378 4193 1502 4263; x_wconf 78' lang='lat' dir='ltr'><strong>mentio,</strong></span> <span class='ocrx_word' id='word_1_255' title='bbox 1534 4211 1610 4268; x_wconf 78' lang='lat' dir='ltr'><strong>patet</strong></span> <span class='ocrx_word' id='word_1_256' title='bbox 1628 4213 1679 4258; x_wconf 77' lang='lat' dir='ltr'><strong>aut</strong></span> <span class='ocrx_word' id='word_1_257' title='bbox 1699 4200 1845 4264; x_wconf 78' lang='lat' dir='ltr'><strong>Nativita-</strong></span> 
     </span>
     <span class='ocr_line' id='line_1_32' title="bbox 478 4288 1842 4374; baseline 0.007 -24"><span class='ocrx_word' id='word_1_258' title='bbox 478 4311 538 4352; x_wconf 77' lang='lat' dir='ltr'><strong>rura</strong></span> <span class='ocrx_word' id='word_1_259' title='bbox 547 4290 698 4364; x_wconf 76' lang='lat' dir='ltr'><strong>virginum</strong></span> <span class='ocrx_word' id='word_1_260' title='bbox 707 4289 830 4352; x_wconf 77' lang='lat' dir='ltr'><strong>clausura</strong></span> <span class='ocrx_word' id='word_1_261' title='bbox 839 4289 876 4350; x_wconf 83' lang='lat' dir='ltr'><strong>V.</strong></span> <span class='ocrx_word' id='word_1_262' title='bbox 888 4288 956 4348; x_wconf 87' lang='lat' dir='ltr'><strong>Vol.</strong></span> <span class='ocrx_word' id='word_1_263' title='bbox 968 4290 1118 4360; x_wconf 60' lang='lat' dir='ltr'><strong>spamae.</strong></span> <span class='ocrx_word' id='word_1_264' title='bbox 1193 4301 1268 4358; x_wconf 73' lang='lat' dir='ltr'><strong>tun.</strong></span> <span class='ocrx_word' id='word_1_265' title='bbox 1295 4301 1343 4346; x_wconf 82' lang='lat' dir='ltr'><strong>ant</strong></span> <span class='ocrx_word' id='word_1_266' title='bbox 1366 4289 1595 4364; x_wconf 58' lang='lat' dir='ltr'><strong>ademptionem</strong></span> <span class='ocrx_word' id='word_1_267' title='bbox 1621 4297 1761 4374; x_wconf 78' lang='lat' dir='ltr'><strong>intelligi.</strong></span> <span class='ocrx_word' id='word_1_268' title='bbox 1789 4303 1842 4364; x_wconf 75' lang='lat' dir='ltr'><strong>ila</strong></span> 
     </span>
     <span class='ocr_line' id='line_1_33' title="bbox 441 4383 1846 4469; baseline -0.003 -17"><span class='ocrx_word' id='word_1_269' title='bbox 441 4391 486 4469; x_wconf 76' lang='grc' dir='ltr'><strong>(ς)</strong></span> <span class='ocrx_word' id='word_1_270' title='bbox 504 4389 711 4452; x_wconf 71' lang='lat' dir='ltr'><strong>Celeberrimos</strong></span> <span class='ocrx_word' id='word_1_271' title='bbox 728 4385 786 4458; x_wconf 72' lang='lat' dir='ltr'><strong>est,</strong></span> <span class='ocrx_word' id='word_1_272' title='bbox 804 4403 836 4444; x_wconf 75' lang='lat' dir='ltr'><strong>at</strong></span> <span class='ocrx_word' id='word_1_273' title='bbox 852 4384 989 4458; x_wconf 66' lang='lat' dir='ltr'><strong>precipuo</strong></span> <span class='ocrx_word' id='word_1_274' title='bbox 1017 4383 1124 4446; x_wconf 67' lang='lat' dir='ltr'><strong>houm</strong></span> <span class='ocrx_word' id='word_1_275' title='bbox 1195 4387 1271 4446; x_wconf 80' lang='lat' dir='ltr'><strong>enirn</strong></span> <span class='ocrx_word' id='word_1_276' title='bbox 1291 4388 1482 4448; x_wconf 76' lang='lat' dir='ltr'><strong>tantummodo</strong></span> <span class='ocrx_word' id='word_1_277' title='bbox 1503 4391 1629 4452; x_wconf 75' lang='lat' dir='ltr'><strong>asiam</strong></span> <span class='ocrx_word' id='word_1_278' title='bbox 1650 4413 1700 4469; x_wconf 74' lang='lat' dir='ltr'><strong>per</strong></span> <span class='ocrx_word' id='word_1_279' title='bbox 1724 4399 1753 4458; x_wconf 82' lang='lat' dir='ltr'><strong>id</strong></span> <span class='ocrx_word' id='word_1_280' title='bbox 1774 4415 1846 4460; x_wconf 68' lang='lat' dir='ltr'><strong>tem.</strong></span> 
     </span>
     <span class='ocr_line' id='line_1_34' title="bbox 478 4479 1846 4564; baseline -0.001 -14"><span class='ocrx_word' id='word_1_281' title='bbox 478 4490 550 4564; x_wconf 80' lang='lat' dir='ltr'><strong>apud</strong></span> <span class='ocrx_word' id='word_1_282' title='bbox 561 4485 828 4550; x_wconf 83' lang='lat' dir='ltr'><strong>Landeoleaeolirur</strong></span> <span class='ocrx_word' id='word_1_283' title='bbox 848 4483 875 4542; x_wconf 80' lang='lat'><strong>8.</strong></span> <span class='ocrx_word' id='word_1_284' title='bbox 887 4483 1130 4560; x_wconf 58' lang='lat' dir='ltr'><strong>taffianasmuiu·</strong></span> <span class='ocrx_word' id='word_1_285' title='bbox 1203 4497 1254 4558; x_wconf 81' lang='lat' dir='ltr'><strong>put</strong></span> <span class='ocrx_word' id='word_1_286' title='bbox 1269 4479 1403 4554; x_wconf 76' lang='lat' dir='ltr'><strong>adiudam</strong></span> <span class='ocrx_word' id='word_1_287' title='bbox 1419 4483 1575 4552; x_wconf 79' lang='lat' dir='ltr'><strong>habebant.</strong></span> <span class='ocrx_word' id='word_1_288' title='bbox 1601 4493 1638 4555; x_wconf 88' lang='lat' dir='ltr'><strong>v.</strong></span> <span class='ocrx_word' id='word_1_289' title='bbox 1650 4497 1846 4562; x_wconf 64' lang='lat' dir='ltr'><strong>mdittffim„</strong></span> 
     </span>
    </p>
   </div>
   <div class='ocr_carea' id='block_1_4' title="bbox 473 4565 1847 4662">
    <p class='ocr_par' dir='ltr' id='par_1_6' title="bbox 473 4565 1847 4662">
     <span class='ocr_line' id='line_1_35' title="bbox 473 4565 1847 4662; baseline 0.008 -11"><span class='ocrx_word' id='word_1_290' title='bbox 473 4589 605 4654; x_wconf 73' lang='lat' dir='ltr'><strong>sumu</strong></span> <span class='ocrx_word' id='word_1_291' title='bbox 621 4583 743 4657; x_wconf 65' lang='lat' dir='ltr'><strong>eruum</strong></span> <span class='ocrx_word' id='word_1_292' title='bbox 757 4581 831 4648; x_wconf 77' lang='lat' dir='ltr'><strong>utu</strong></span> <span class='ocrx_word' id='word_1_293' title='bbox 845 4565 1024 4659; x_wconf 62' lang='lat' dir='ltr'><strong>aurose.</strong></span> <span class='ocrx_word' id='word_1_294' title='bbox 1201 4579 1574 4662; x_wconf 63' lang='lat' dir='ltr'><strong>nossessiones</strong></span> <span class='ocrx_word' id='word_1_295' title='bbox 1598 4591 1759 4658; x_wconf 61' lang='lat' dir='ltr'><strong>resnou</strong></span> <span class='ocrx_word' id='word_1_296' title='bbox 1776 4597 1847 4662; x_wconf 68' lang='lat' dir='ltr'><strong>cu</strong></span> 
     </span>
    </p>
   </div>
   <div class='ocr_carea' id='block_1_5' title="bbox 0 0 2022 5490">
    <p class='ocr_par' dir='ltr' id='par_1_7' title="bbox 0 0 2022 5490">
     <span class='ocr_line' id='line_1_36' title="bbox 0 0 2022 5490; baseline 0 0"><span class='ocrx_word' id='word_1_297' title='bbox 0 0 2022 5490; x_wconf 95' lang='lat' dir='ltr'><strong> </strong></span> 
     </span>
    </p>
   </div>
  </div>
 </body>
</html>
