4008 5494
435 483 510 568 288
658 481 1540 603 Hluntttarottttu'Mottnuausa·¹

389 612 689 696 Humiliatorum
713 621 835 700 Sancti
861 621 1055 706 Michaelis
1079 627 1124 700 de
1150 623 1332 704 Burniola
1358 626 1416 718 (8)
1442 625 1633 702 Dominus
1652 623 1786 702 Frater

389 740 609 832 Oddezenus
628 741 805 824 Buttinus
827 745 933 826 Prior
956 745 1151 842 Fratrum,
1177 748 1361 844 Ecclesre,
1382 743 1600 848 &Capituli
1608 802 1620 842 ,
1638 753 1677 827 dc
1696 747 1794 856 Col-

389 870 476 968 legii
491 873 563 962 ,dt
585 867 812 962 mansronis,
837 873 874 950 ὃ(
898 893 1106 954 conventus
1130 873 1289 952 Ecclcfie
1310 875 1437 973 §aaut
1461 872 1649 972 Johannis
1673 871 1797 948 Ordi-

391 999 450 1072 uis
470 994 769 1072 Humiliatorum
793 994 839 1072 de
861 997 1109 1098 Alexandria,
1126 1001 1186 1108 ¹de
1211 975 1426 1106 conse-nisu,
1461 1003 1500 1078 δι
1525 998 1726 1098 parabola,
1750 1001 1795 1076 dc

391 1121 583 1196 voluntate
606 1124 643 1200 dc
668 1119 886 1206 austeritate,
907 1117 1219 1222 infrascriptarum
1242 1125 1411 1210 Fratrum
1437 1124 1590 1203 suorum
1612 1127 1704 1202 diste
1719 1122 1790 1236 Ec

389 1245 520 1338 desta,
546 1249 583 1322 dt
603 1245 793 1344 Capituli,
817 1251 853 1332 δι
874 1248 1116 1345 Conventus,
1137 1253 1302 1340 videlieet
1321 1252 1493 1336 Fratrum
1516 1253 1644 1330 Amici
1667 1274 1792 1352 quon-

389 1371 476 1448 dam
506 1368 717 1470 Preposrti,
751 1369 908 1450 Ottonis
936 1429 946 1456 .
975 1429 984 1454 .
1011 1431 1020 1450 .
1048 1429 1058 1482 .·
1085 1379 1204 1484 trani,
1229 1376 1483 1480 Booseguoris
1518 1379 1584 1458 de'
1591 1429 1750 1456 ·····
1770 1429 1786 1471 ,

391 1499 573 1576 Aramani
598 1499 643 1576 de
670 1495 897 1594 Attisbellis,
923 1500 1001 1578 Gui
1028 1558 1039 1579 .
1065 1554 1111 1579 ..
1140 1554 1149 1585 .
1185 1503 1334 1602 Pagai,
1363 1508 1491 1586 Aneiai
1519 1527 1628 1608 tace,
1660 1503 1794 1580 Ciale·

391 1628 460 1726 lini
482 1626 674 1724 Rucilini,
703 1618 872 1732 Lairanci
895 1623 1047 1732 Cogni,
1077 1627 1205 1708 Aur-isi
1226 1653 1309 1717 rape
1328 1626 1462 1725 Mulli,
1489 1629 1673 1724 Cairagni
1699 1623 1791 1702 Mo·

391 1757 461 1848 tii,
485 1754 652 1832 Simonis
676 1753 722 1830 de
746 1756 868 1851 Alba,
891 1756 1082 1831 Oddezeni
1108 1755 1153 1830 de
1179 1778 1280 1854 quar.
1304 1808 1318 1854 ,
1344 1809 1354 1830 .
1380 1807 1390 1830 .
1417 1807 1428 1829 .
1465 1751 1615 1854 Ugonis
1636 1749 1756 1830 Morti
1771 1807 1799 1849 ,

222 1902 227 1910 '
392 1875 518 1980 Jacobi
544 1879 704 1972 Tealdi,
726 1880 887 1958 Roffini.
903 1877 1096 1976 Calcarii,
1130 1878 1275 1966 (lavati,
1291 1877 1427 1955 Busatii
1449 1932 1467 1981 „
1497 1879 1678 1978 Stephani
1704 1873 1796 1956 Ma·

391 2006 518 2100 neati,
541 2001 719 2106 Ottolini·
732 2006 776 2080 de
798 2005 934 2108 Saoiio
953 2005 1166 2096 Salvatore,
1188 2000 1304 2114 Priori
1324 1999 1582 2100 Ferramente,
1609 2003 1791 2084 Gai...-

390 2135 439 2210 de
457 2129 649 2226 Canellis,
679 2153 811 2208 omnes
836 2128 1015 2224 insimul,
1040 2131 1298 2226 unanimiter,
1328 2135 1365 2210 dt
1394 2127 1629 2206 concorditer
1655 2153 1723 2226 pro
1749 2131 1792 2208 se

391 2257 504 2358 ipfis,
527 2262 566 2338 dc
589 2258 665 2336 rice
691 2263 729 2337 dt
756 2258 912 2357 nomine
940 2257 1097 2356 prediue
1116 2254 1302 2352 Ecclefie,
1325 2261 1362 2336 dt
1384 2254 1618 2348 Manfionis,
1640 2261 1678 2335 dt
1697 2255 1796 2336 Col·

397 2385 513 2486 lpgii‚
538 2387 575 2462 dt
595 2381 786 2482 Capituli,
810 2385 848 2458 dt
867 2379 1112 2488 Conventus,
1144 2385 1183 2458 dc
1209 2401 1400 2482 tamquam
1427 2380 1544 2481 ipsum
1569 2381 1792 2481 Capitulum

397 2509 681 2591 &Conventus
705 2507 897 2600 fecerunt,
922 2509 960 2583 dc
983 2504 1290 2613 constituerunt,
1305 2526 1521 2614 crearentur
1554 2527 1662 2610 atque
1688 2509 1791 2584 ordi·

399 2653 584 2708 naverunt
607 2629 823 2734 Dominum
844 2628 1006 2734 Fratrem
1030 2628 1250 2708 Rolaudum
1271 2624 1504 2726 Prepofitum
1522 2630 1615 2708 diue
1633 2630 1798 2710 Ecclesia

398 2761 436 2838 ὅ(
457 2755 669 2834 Manlionis
692 2751 911 2846 absentem
945 2760 982 2834 dc
1006 2753 1169 2831 Fratrem
1198 2752 1349 2830 Petrum
1377 2753 1553 2832 Rubrum
1583 2753 1797 2856 Prepofitus

399 2888 499 2976 (ita)
525 2885 607 2960 diui
630 2881 815 2976 Ordinis,
851 2883 890 2960 dt
915 2881 1114 2978 quemlibet
1139 2903 1271 2984 ¹eorum
1308 2877 1568 2992 insolidum,
1610 2885 1662 2960 ita
1687 2885 1793 2984 quod

395 3014 607 3110 occupantis
635 3033 714 3084 nou
744 3005 786 3084 fit
814 3007 944 3082 melior
969 3005 1170 3098 conditio,
1206 3029 1339 3082 conam
1373 3008 1411 3083 dt
1448 3005 1543 3084 diue
1567 3003 1727 3116 Ecclelie
1751 3013 1794 3090 dt

397 3137 588 3238 Capituli,
613 3139 650 3212 dt
670 3132 829 3230 Collegii
843 3183 855 3226 ,
881 3135 918 3208 dt
942 3127 1185 3223 Manlionis,
1219 3129 1497 3232 &Conventus
1523 3129 1713 3232 lindicos,
1750 3140 1793 3216 dt

404 3281 684 3362 procuratores,
709 3257 844 3332 adores
862 3259 899 3332 dt
919 3251 1097 3344 fusiores,
1117 3256 1155 3332 δι
1177 3252 1328 3331 nuntios
1348 3251 1513 3350 spetiales
1533 3258 1573 3334 in
1595 3262 1705 3338 omni
1727 3262 1799 3339 lite

400 3392 461 3464 vel
489 3385 641 3479 litibus,
664 3379 770 3456 causa
797 3379 853 3456 vel
878 3377 1016 3475 causa,
1040 3403 1151 3478 quam
1179 3381 1236 3456 vel
1261 3405 1349 3480 quas
1374 3379 1441 3482 ipfi
1468 3386 1524 3460 vel
1550 3387 1643 3462 dista
1664 3385 1794 3464 Eccle-

399 3508 477 3605 fia,
501 3509 564 3588 seu
584 3507 825 3605 Capitulum,
851 3501 1131 3582 &Conventus
1161 3501 1327 3596 habent,
1364 3508 1421 3580 vel
1449 3505 1473 3580 s
1477 3527 1602 3603 perant
1630 3510 1794 3606 habere,

401 3642 461 3715 vel
490 3637 623 3714 habere
651 3633 795 3734 polluat
821 3627 881 3707 seu
910 3627 1051 3728 pollent
1075 3651 1159 3704 cum
1183 3625 1361 3706 Domino
1381 3628 1507 3708 Fratre
1537 3630 1797 3735 Bellingerio,

400 3767 438 3843 dc
469 3760 645 3862 Capitulo
674 3752 831 3836 Ecclesre
861 3749 1049 3856 anium
1082 3753 1300 3830 sannorum
1327 3758 1373 3834 de
1403 3755 1615 3852 Florentia,
1642 3763 1681 3843 δι
1706 3785 1797 3842 carn

400 3888 587 3969 fratribus
612 3890 650 3964 dt
674 3883 849 3980 Capitulo
869 3883 907 3957 dt
929 3875 1084 3958 Ecclelia
1111 3879 1254 3956 domus·
1271 3879 1316 3956 de
1342 3933 1352 3956 .
1378 3934 1389 3954 .
1416 3934 1426 3954 .
1452 3935 1463 3956 .
1488 3885 1525 3960 dt
1551 3908 1636 3960 cum
1656 3883 1795 3964 Fratri-

400 4015 492 4109 bus,
517 4011 716 4110 Capitulo,
741 4009 777 4084 dt
799 4001 956 4080 Ecclelia
981 4001 1104 4078 Sandii
1127 3999 1254 4079 Martii
1281 4005 1341 4094 (l.
1360 3999 1512 4093 Marci)
1546 4007 1593 4082 de
1613 4007 1796 4116 Terdona

400 4149 483 4226 diiii
504 4142 681 4235 Ordinis,
707 4139 765 4215 rel
790 4158 876 4212 cum
903 4132 1024 4232 aliqua
1049 4134 1124 4209 alia
1149 4127 1302 4230 persona
1326 4124 1394 4212 &a
1433 4135 1590 4234 requirar
1626 4141 1799 4238 reliquam

1646 4268 1748 4365 hujus

402 4477 445 4552 (a)
468 4471 625 4548 legendum
645 4419 766 4524 arbitior
783 4457 817 4518 de
836 4455 955 4526 trogalia
965 4443 984 4525 ,‘
1000 4471 1083 4528 quam
1155 4450 1449 4521 suiliediuimusaque
1460 4449 1551 4522 pollen
1562 4449 1657 4510 domui
1675 4451 1703 4510 s.
1711 4453 1803 4530 J⁰an·

439 4579 553 4638 domam
570 4561 696 4630 undem
712 4573 774 4618 cum
794 4552 978 4616 &Michaelis
995 4553 1080 4618 dorso
1152 4556 1196 4614 nie
1213 4549 1358 4620 moiun&
1376 4547 1433 4610 est,
1453 4549 1492 4613 v,
1511 4547 1569 4624 sup·
1586 4566 1649 4626 με.
1663 4560 1707 4614 ἡ.
