3978 5484
463 561 529 657 78·
693 566 1022 648 Drssrttrarrours
1052 571 1222 646 scannia
1249 568 1350 645 Plus
1377 555 1529 644 ittera
1618 555 1627 564 ’
1704 555 1709 562 ’

415 687 555 762 ausim.
584 691 754 768 Vidimus
779 698 880 768 enim
911 693 1013 791 supra
1042 723 1144 770 nutu.
1159 693 1237 770 LV.
1265 693 1463 770 Ecclesiam
1485 696 1620 768 domus
1646 691 1683 764 de
1704 681 1811 764 Garis»

415 825 496 898 bara
523 845 582 893 an.
610 817 975 900 MCCCCXXXVI.
1003 821 1218 896 exstructam
1256 821 1292 896 8.
1321 817 1449 894 Mariae
1483 811 1744 912 Magdalenae,
1772 816 1810 887 dt

421 945 460 1020 8.
489 943 619 1020 Marco
650 941 792 1019 ¹sacram
816 941 946 1036 fuisse,
979 971 1063 1020 cum
1091 967 1202 1021 autea
1241 945 1325 1021 solo
1355 945 1392 1022 8.
1419 943 1550 1020 Mariae
1586 937 1821 1037 Magdalc'ttae

417 1071 577 1143 nomine
601 1068 887 1165 designaretut3
922 1093 962 1145 ut
999 1074 1162 1146 videatur
1188 1064 1263 1169 ipsa
1288 1069 1417 1145 saltem
1442 1070 1479 1145 8.
1506 1062 1809 1143 MarciEcclesta

414 1197 551 1268 doinus
581 1193 678 1266 illius
703 1193 922 1270 Humiliatis
946 1196 1109 1272 concessa
1131 1193 1270 1288 fuisse,
1306 1197 1368 1295 qui
1397 1195 1460 1268 illa
1480 1191 1614 1268 reversa
1632 1183 1814 1281 'ejusdem

414 1316 700 1413 appellationem
735 1316 1059 1407 mastrucas.
1101 1319 1147 1394 ln
1176 1320 1323 1420 Regidro
1356 1343 1416 1396 att.
1445 1313 1678 1394 MCCXCV.
1705 1343 1811 1392 coms

416 1463 648 1516 memoratur
670 1444 782 1518 etiam
802 1465 840 1539 4.
856 1449 981 1518 Damas
1001 1446 1039 1517 de
1054 1449 1244 1542 pontevico,
1266 1444 1325 1517 his
1347 1445 1482 1519 uerbis:
1503 1445 1641 1526 Ecclesia
1665 1451 1700 1516 5.
1713 1445 1818 1519 Pauli

415 1570 454 1644 de
478 1574 568 1643 domo
600 1569 854 1642 humiliatorum
887 1568 925 1640 de
956 1577 1148 1666 pantevico.
1187 1567 1330 1659 Porro,
1364 1573 1532 1667 quamtis
1565 1566 1810 1644 Pontevicurn

416 1689 614 1769 Brixicnsts
640 1691 717 1786 agri
746 1689 789 1764 su
808 1691 1010 1784 oppidum,
1037 1691 1217 1766 urbanam
1254 1713 1382 1765 tamen
1405 1692 1504 1767 hanc
1528 1693 1686 1768 domum
1712 1689 1818 1772 luidb

413 1820 624 1918 colligimus
648 1840 694 1892 cx
718 1813 801 1892 MS.
827 1814 1028 1892 Brixiensts
1054 1813 1235 1914 Episcopii
1254 1815 1392 1893 Codice
1417 1816 1578 1908 ejusdem
1604 1820 1720 1908 anni,
1747 1819 1810 1914 qul
1851 1853 1858 1877 ·’

416 1941 653 2018 inscribitur:
689 1939 793 2016 Liber
815 1941 1032 2038 receptionum
1058 1945 1150 2032 δια,
1185 1941 1225 2014 in
1257 1963 1335 2038 quo
1369 1941 1433 2016 illa
1467 1939 1619 2018 urbanis
1643 1937 1819 2018 domibus

417 2069 583 2146 additur.
623 2065 687 2144 De
725 2067 795 2143 hac
828 2085 954 2142 autem
993 2065 1082 2165 quid
1117 2065 1272 2142 statuam
1312 2067 1458 2159 nescio;
1498 2072 1590 2142 nam
1624 2090 1744 2168 aeque
1771 2067 1817 2144 in

418 2179 541 2277 Catali
574 2221 637 2271 an.
662 2185 979 2283 MCCCXLIV.‚
1013 2212 1133 2291 neque
1159 2191 1200 2264 in
1234 2193 1321 2267 ullis
1353 2192 1659 2269 Humitiatorum
1682 2187 1823 2266 Comi·

422 2321 508 2413 tiis,
535 2338 597 2396 aut
622 2317 879 2416 posterioribus
901 2317 1121 2389 eorumdem
1148 2316 1411 2391 monumentis
1433 2337 1615 2413 umquam
1635 2318 1816 2394 occurritt

421 2447 477 2519 At
501 2445 544 2516 in
570 2442 691 2517 Catal.
716 2466 779 2515 an.
805 2435 1014 2516 MDLxx
1042 2439 1106 2512 illa
1133 2439 1350 2536 profertur,
1387 2461 1495 2538 atque
1520 2442 1700 2518 intereas
1727 2469 1815 2542 prou

418 2566 558 2660 settur,
582 2589 664 2664 quac
689 2553 958 2638 commendata
981 2585 1059 2636 non
1081 2559 1252 2659 fuerant,
1279 2591 1345 2660 ac,
1373 2584 1515 2645 mutata
1542 2569 1812 2666 appellatiou‘c,¹

418 2689 456 2767 8.
482 2679 614 2763 Maria
650 2687 697 2762 de
724 2683 927 2760 Ponterico
961 2686 1118 2760 dicitur.
1154 2681 1203 2761 In
1242 2711 1281 2763 te
1317 2687 1564 2769 obscutiffima
1598 2691 1672 2771 hoc
1706 2695 1815 2774 unice

418 2809 662 2899 conjectando
689 2803 810 2882 afferri
838 2805 980 2904 potest,
1016 2805 1118 2884 suille
1154 2810 1262 2884 illam
1295 2811 1392 2886 olim
1426 2815 1533 2890 alteri
1568 2815 1700 2896 domui
1727 2825 1823 2899 c'oo·

421 2916 615 3026 lundam,
643 2929 777 3008 deinde
804 2953 891 3007 teto
917 2931 1109 3030 postremis
1144 2931 1447 3013 Humiliatotum
1478 2943 1590 3018 annis
1612 2941 1814 3036 utalaam

421 3079 579 3136 aterum.
628 3077 631 3082 '
1753 3091 1756 3104 '

382 3283 387 3288 Ι
522 3181 647 3260 LVII.
686 3181 781 3277 Quae
817 3183 899 3260 duae
933 3182 1161 3279 succedunt,
1200 3207 1234 3260 1.
1274 3191 1402 3267 Domata
1434 3193 1475 3268 de
1509 3211 1742 3296 tonteguaga‚
1779 3106 1818 3280 ὲ

420 3319 459 3388 6.
473 3315 599 3385 Damas
614 3305 734 3400 sancii
752 3304 919 3399 satelliti,
942 3333 1004 3384 eas
1031 3307 1139 3384 sunul
1161 3311 1452 3414 conjungimus,
1474 3319 1576 3418 quod
1595 3325 1813 3402 communis

421 3431 498 3507 sere
525 3429 574 3508 est
601 3429 787 3532 utriusque
812 3430 984 3507 ltilloria.
1024 3429 1221 3510 Notiffima
1243 3437 1296 3512 cst
1324 3437 1523 3516 Brixiensrs
1551 3443 1592 3526 8.
1620 3443 1721 3523 Afra
1744 3447 1819 3526 Ec·

421 3555 554 3650 clessa,
577 3557 673 3631 olim
696 3555 734 3631 S.
760 3549 947 3647 Faustini,
974 3557 1010 3630 δι
1034 3553 1099 3630 88.
1118 3553 1280 3635 Faustini
1305 3565 1343 3639 dt
1368 3559 1500 3658 Joritae
1520 3567 1565 3642 ad
1587 3564 1812 3666 sanguinent

423 3673 627 3783 appellata,
657 3701 772 3779 quam
807 3701 906 3753 nunc
939 3677 1124 3764 Canonici
1150 3681 1288 3778 Regul.
1322 3681 1590 3766 Lateraneul'es
1615 3693 1815 3773 obtinent*

424 3805 545 3880 Anno
572 3799 794 3882 MCCXXI.
817 3827 904 3877 cum
923 3797 1128 3878 Canonicis
1151 3797 1591 3903 quibusdam‘concredita
1614 3819 1677 3895 illa
1702 3819 1813 3916 esset,

424 3929 611 4030 Ugolinus
636 3927 842 4005 Cardinalis
866 3954 909 4005 ac
934 3926 1151 4005 Pontificius
1176 3927 1333 4029 Legatos
1354 3937 1526 4012 eamdem
1551 3947 1809 4046 proximasque

421 4063 515 4134 aedes
540 4054 804 4132 Dominicanis
827 4049 1026 4144 concessit,
1061 4048 1132 4128 hac
1160 4057 1381 4131 conditione
1414 4057 1575 4156 adleida,
1612 4086 1654 4142 ut
1681 4091 1817 4146 ueteres

422 4181 608 4261 Canonici
639 4179 811 4280 prebendis
843 4175 962 4251 adhuc
992 4173 1230 4271 fruerentur3
1256 4181 1306 4256 'iis
1339 4203 1427 4256 vero
1458 4181 1706 4284 obeuntibus,
1741 4195 1816 4272 illae

420 4305 588 4406 Episcopi
613 4303 765 4378 arbitrio
790 4297 1108 4395 permitterentur.
1134 4299 1322 4400 Ugolinus
1342 4327 1453 4399 porto
1473 4306 1570 4404 ipse,
1594 4335 1680 4387 euru
1702 4316 1815 4396 Pons

421 4431 511 4514 tifex
535 4427 726 4505 Maximus
752 4421 987 4500 renunciatus
1010 4421 1157 4518 fuisset,
1176 4451 1231 4502 ac
1257 4425 1464 4522 Gregorius
1491 4427 1559 4504 lX.
1587 4439 1814 4535 appellatum

420 4553 603 4640 Brixienst
639 4545 820 4648 Episcopo
852 4571 914 4624 an.
941 4545 1456 4646 stemmatum,
1489 4571 1531 4628 ut
1559 4557 1739 4651 prebendis
1771 4567 1815 4644 in

1665 4708 1760 4765 lem·
