3978 5484
491 546 563 624 130
700 530 1151 612 'Hostocrsronon
1191 525 1547 610 Mottorrtttrrr

440 647 562 730 sermo
589 653 722 734 vestet:
747 659 827 754 est,
848 656 927 751 est,
954 682 1058 751 noo,
1086 683 1191 752 non,
1217 675 1261 736 trt
1286 679 1367 734 non
1390 659 1431 734 in
1451 653 1628 743 judicium
1646 647 1838 768 incidatis,

441 778 531 858 ficut
557 779 608 862 nit
636 781 770 862 &rcus
794 783 952 886 Jacobtts
976 787 1198 890 Apostolus.
1237 787 1299 866 Ad
1333 783 1567 886 preliandum
1603 783 1718 877 igitur
1742 780 1840 870 jort·

442 925 617 984 mentum
644 933 723 984 noo
766 933 831 988 vot
865 910 1080 990 indiscretus
1105 915 1163 990 rel
1198 910 1421 1011 spontaneus
1453 911 1660 988 toluot'ctis
1694 902 1840 982 effetus

443 1029 617 1122 inducatp
641 1031 700 1110 sed
727 1029 754 1112 fi
778 1036 930 1138 quando
956 1036 1065 1120 suerit
1089 1037 1299 1118 faciendum
1334 1039 1531 1133 ingens&
1554 1057 1695 1128 urgens
1719 1029 1839 1107 neees-

444 1153 560 1233 sttatis
584 1159 756 1238 articulus
782 1183 849 1242 tos
873 1165 1095 1260 compellat.
1134 1161 1372 1242 Indiscrettnr
1397 1161 1500 1239 eninr
1527 1162 1567 1235 dt
1592 1157 1839 1254 spontaneam

449 1277 674 1374 iurationem
701 1302 779 1364 tros
805 1285 975 1364 Chrislus
1000 1290 1041 1366 in
1068 1286 1311 1387 Evangelio,
1344 1311 1456 1390 quarn
1484 1283 1641 1384 Jacobos
1664 1280 1841 1385 prohibet·

446 1407 487 1484 in
515 1409 666 1506 epistole
690 1412 845 1490 dicens:
878 1414 1019 1494 dislutn
1051 1411 1103 1492 est
1136 1415 1296 1516 antiquis
1331 1437 1411 1490 non
1446 1409 1673 1512 perjurabir;
1705 1409 1838 1488 reddes

444 1552 571 1609 eorem
609 1537 769 1632 domino
806 1541 1014 1638 juramento
1049 1562 1145 1632 tua;
1177 1565 1251 1640 ego
1283 1548 1411 1618 tutem
1443 1521 1527 1614 dico
1553 1535 1657 1613 tobis
1683 1559 1764 1614 non
1789 1535 1845 1626 iu·

446 1681 525 1750 tore
551 1663 716 1740 omnino
749 1689 868 1770 neque
904 1690 966 1765 per
997 1668 1157 1760 celutn,
1191 1667 1278 1768 quir
1315 1665 1476 1743 thronus
1505 1663 1584 1741 Dei
1609 1657 1695 1756 esi,
1721 1679 1842 1768 neqoe

445 1807 507 1881 pet
535 1803 694 1881 terram,
716 1789 802 1890 quia
828 1788 1026 1868 scabellum
1050 1789 1103 1868 esi
1128 1790 1264 1889 pedum
1288 1789 1398 1885 eius,
1434 1813 1554 1890 neque
1581 1809 1646 1887 per
1668 1783 1846 1884 lerosoli·

446 1931 572 2004 mam,
597 1913 687 2014 quir
707 1916 835 1992 civitas
852 1917 903 1994 est
923 1918 1052 2014 magni
1074 1916 1203 2014 regis,
1230 1937 1348 2014 neque
1377 1937 1440 2013 per
1462 1933 1569 2012 caput
1592 1934 1730 2006 rtrum,
1756 1911 1844 2010 quic

445 2058 526 2120 uon
556 2057 659 2134 potes
683 2037 945 2122 sacere'ununr
970 2043 1145 2140 capillum
1164 2039 1291 2118 album
1313 2044 1374 2118 vel
1396 2041 1573 2138 nigrum.
1600 2035 1728 2112 Item:
1757 2055 1846 2114 rnre

444 2166 575 2240 omnio
601 2163 731 2246 srrtres
756 2170 829 2245 rnei
858 2172 974 2244 nolite
1000 2169 1124 2258 jurare
1142 2190 1261 2267 neque
1281 2189 1345 2264 per
1363 2167 1514 2257 celtrrn,
1541 2185 1664 2263 neque
1681 2183 1746 2258 per
1773 2181 1848 2238 ter·

443 2309 551 2380 idm»
576 2314 696 2392 neque
722 2321 783 2392 per
809 2297 908 2376 eliud
932 2295 1189 2397 quodcumque
1211 2290 1490 2382 iuramentum.
1515 2288 1617 2367 Cum
1636 2289 1749 2382 dicit,
1774 2313 1846 2364 no·

442 2413 506 2498 lite
530 2413 675 2508 jurare,
700 2419 871 2512 prohibet
897 2416 1122 2504 iurationem
1149 2413 1426 2510 spontaneam,
1451 2414 1537 2512 quia
1564 2412 1734 2488 videlicet
1761 2435 1839 2488 non

442 2533 493 2614 cll
520 2539 736 2632 volontate,
760 2539 821 2618 sed
847 2536 1049 2616 necessitate
1074 2534 1295 2624 jurandum.
1333 2533 1435 2612 Com
1462 2533 1599 2628 addit,
1632 2559 1757 2636 neque
1782 2561 1841 2634 pet

443 2664 592 2754 celum,
617 2685 738 2764 neque
759 2688 824 2764 per
840 2682 1003 2756 terrem,
1027 2661 1253 2753 iurationem
1281 2659 1450 2758 prohibet
1473 2660 1737 2756 indiscretam,
1762 2663 1845 2764 quit

442 2789 606 2864 uidelicet
635 2813 715 2866 non
741 2789 794 2868 cst
818 2789 1016 2881 intendunt
1045 2813 1106 2886 per
1132 2807 1369 2881 creaturam,
1404 2787 1464 2866 sed
1497 2789 1620 2884 tnagis
1652 2811 1720 2888 per
1744 2811 1838 2863 cren·

442 2937 588 2990 torern.
614 2917 669 2994 Sit
695 2933 822 2993 cutem
851 2913 971 2990 sermo
993 2911 1130 3004 vestet,
1154 2910 1232 3004 est,
1257 2910 1331 3004 est,
1358 2903 1465 3006 non,
1491 2936 1600 3004 non;
1626 2911 1717 2990 idell
1742 2911 1838 3012 qood

442 3041 663 3123 affirmando
688 3046 743 3122 tel
772 3044 939 3139 negando
966 3039 1135 3141 profertis
1157 3065 1204 3116 ex
1230 3063 1320 3132 ote,
1346 3045 1480 3136 geratis
1506 3045 1545 3120 io
1569 3043 1706 3120 corde.
1743 3041 1833 3118 Non

440 3169 543 3247 enirn
574 3171 618 3246 od
652 3167 854 3264 simplicem
888 3167 1177 3246 affirmationem
1212 3167 1269 3240 tel
1306 3167 1551 3261 negationem
1586 3169 1622 3243 id
1659 3169 1838 3267 pertinet,

440 3291 501 3370 sed
530 3296 652 3390 potius
676 3295 722 3370 td
755 3317 957 3386 veracem,
989 3317 1075 3366 curn
1111 3291 1280 3371 Christus
1313 3290 1511 3371 secundnm
1547 3293 1739 3392 Jornn‘enr
1772 3290 1842 3367 lte·
1872 3319 1873 3327 ¹

441 3441 600 3519 quenter
622 3420 716 3498 dicat
742 3421 782 3494 in
808 3412 1045 3513 Evangelio:
1073 3439 1184 3492 amen
1209 3437 1321 3492 amen
1345 3415 1432 3493 dico
1457 3417 1584 3494 robis.
1618 3413 1737 3514 Qtod
1770 3441 1833 3490 au·

441 3567 518 3623 tent
546 3547 604 3620 his
631 3545 879 3620 abundantius
900 3541 978 3636 est,
1003 3568 1025 3618 o
1050 3545 1155 3620 malo
1179 3541 1256 3636 est,
1288 3565 1367 3620 noo
1397 3566 1474 3619 torn
1501 3551 1607 3645 colpe
1632 3569 1744 3644 qnam
1774 3567 1834 3642 pe·

444 3695 520 3764 ne,
547 3693 614 3744 nee
639 3686 715 3745 tarn
743 3667 995 3757 iuramentum
1018 3668 1208 3766 prestantis
1233 3693 1345 3769 quarn
1366 3673 1570 3774 exigentit3
1589 3671 1688 3771 quod
1711 3675 1833 3771 utique

440 3795 487 3883 de
511 3799 668 3895 quodem
694 3795 959 3874 incredulitatis
985 3789 1200 3870 infirmitate
1227 3797 1386 3890 procedit
1411 3799 1518 3896 qnod
1540 3796 1678 3898 serpper
1706 3794 1830 3893 spedtt

441 3923 485 4000 cd
513 3947 646 4018 penam
671 3919 738 3998 etst
773 3948 854 3999 non
892 3921 1033 4016 semper
1066 3920 1111 3994 rtd
1141 3921 1313 4015 eulpam.
1350 3917 1464 4018 Quod
1501 3929 1637 3998 autern·
1659 3925 1823 4020 exigente

440 4047 657 4128 necessitatis
680 4049 836 4123 articulo
861 4047 959 4122 licite
984 4041 1090 4141 poffit
1119 4043 1228 4132 jurari
1252 4044 1360 4120 docet
1386 4045 1569 4141 aposlolus
1589 4049 1739 4126 dicens:
1764 4047 1831 4122 lto·

438 4177 561 4248 rnines
597 4195 657 4267 per
691 4171 870 4260 majorem
901 4167 958 4244 sui
993 4167 1118 4258 jurant
1154 4173 1191 4245 dt
1223 4168 1350 4242 omnis
1384 4167 1632 4246 controversie
1670 4171 1827 4271 ipsorum

438 4296 526 4373 linis
545 4296 588 4370 ad
610 4293 941 4370 confirmationem
969 4294 1019 4369 est
1037 4294 1314 4385 juramentum.
1342 4293 1505 4390 Angelus
1522 4319 1694 4398 qnoque,
1721 4325 1826 4397 quern

441 4419 609 4524 Jotnnes
634 4420 722 4494 vidit
750 4419 789 4492 in
814 4413 1010 4517 apocalipsi
1035 4419 1190 4494 flantem
1218 4416 1323 4516 sopra
1349 4397 1451 4494 mare
1478 4423 1514 4496 dt
1540 4421 1642 4518 supra
1677 4443 1834 4522 tetram,

436 4545 580 4631 letavit
605 4547 760 4627 manunt
785 4540 886 4620 surm
912 4541 960 4622 :td
981 4548 1104 4624 oelnnr
1129 4549 1168 4624 dt
1191 4543 1324 4636 iurarit
1350 4569 1412 4645 pet
1434 4546 1684 4622 viventemin
1713 4545 1827 4631 stertit

846 4673 848 4678 ’
1682 4671 1779 4752 sectr·
