3990 5490
474 545 548 626 204
691 533 1150 610 martirisatur
1190 517 1565 608 monumentor*

422 638 574 756 'quoque
614 656 795 756 priuilegii
824 658 955 758 pagina
989 662 1074 732 ium
1100 654 1305 754 Praepolitis
1325 665 1490 756 ,·³'quam
1510 639 1680 733 stratura
1707 649 1829 730 velint

421 782 693 878 indulgemus,
719 806 762 861 ut
788 809 874 863 cum
903 773 1197 860 Diacon'lbusss&
1220 769 1513 858 Subdiaoanibtts
1541 756 1830 880 poffini'Millass

422 895 509 980 rum
540 905 721 988 solemnia
748 911 928 988 celebrare
963 914 1042 1009 (3).
1082 906 1347 982 Cum‘autem
1373 894 1558 1000 'generale
1598 906 1831 982 intertiatam
1905 987 1909 998 p

425 1049 528 1109 terra
556 1033 690 1130 fue'rit,
717 1039 823 1116 liceat
852 1037 953 1112 vobis
979 1034 1108 1112 clausis
1133 1033 1279 1125 januis,
1319 1029 1471 1110 cxci-uba
1497 1017 1828 1109 excommunicatis

414 1162 464 1236 ¹dt
506 1162 702 1237 interdidiis
728 1219 740 1256 ,
769 1185 860 1234 non
904 1161 1050 1257 pulsatis
1092 1160 1280 1256 campanis
1312 1159 1450 1234 divina¹
1474 1147 1593 1236 officia
1631 1159 1830 1236 celebrare‘.

424 1286 604 1364 Chrisma
632 1301 744 1380 vero',
766 1275 915 1361 Oleum
938 1285 1139 1374 Sandiutn,
1165 1269 1500 1358 consecrationem
1528 1285 1728 1376 altarium,
1769 1279 1830 1356 seu

424 1415 688 1509 balilicarum,
722 1413 991 1490 Ordinationes
1014 1397 1286 1505 clericorum,
1323 1414 1386 1513 qui
1426 1413 1472 1486 acl
1505 1411 1633 1488 Sacros
1666 1409 1834 1486 Ordines

332 1553 335 1560 ’
422 1541 568 1620 fuerint
597 1539 839 1638 promovendi
854 1594 866 1633 ,
895 1563 914 1614 a
947 1535 1168 1616 Diaecesano
1195 1535 1390 1634 lttscipietsi
1415 1535 1622 1636 Episcopo,
1654 1535 1835 1636 siquidem

425 1667 645 1746 Catholicus
670 1662 806 1759 fuerit,
831 1670 868 1744 dt
896 1668 1054 1763 gratiam
1081 1669 1117 1742 ἃ
1144 1665 1456 1744 communionem
1482 1663 1724 1760 Sacrosandlae
1750 1665 1831 1742 Ro·

429 1819 552 1872 manae
580 1791 681 1870 Sedis
708 1792 911 1888 habuerit,
942 1799 980 1872 dr
1006 1817 1048 1868 ea
1078 1792 1180 1867 vobis
1207 1792 1364 1872 voluerit
1400 1791 1477 1868 fine
1505 1793 1681 1889 pravitate
1708 1793 1829 1890 aliqua

428 1921 627 1999 exhibere.
667 1921 850 2018 Alioquin
879 1919 986 1992 liceat
1014 1917 1116 1992 vobis
1141 1932 1409 2016 quemcumque
1437 1916 1626 1991 volueritis
1656 1895 1832 1992 Catholi-

423 2070 509 2148 cum
532 2047 638 2121 ‘adire
662 2031 904 2141 Antillitem,
930 2048 1089 2142 gratiam
1127 2046 1164 2120 dt
1190 2042 1500 2118 communionem
1523 2039 1748 2138 Apostolicre
1770 2041 1831 2118 Sea

422 2171 477 2246 dls
504 2171 730 2264 habentem,
758 2173 819 2272 qui
852 2171 973 2247 nostra
1000 2169 1113 2246 fretus
1139 2167 1350 2243 audoritate
1380 2164 1510 2258 uubis,
1537 2169 1638 2266 quod
1666 2167 1827 2266 postula·

423 2306 508 2396 tu'r,
536 2301 750 2401 impendat.
790 2297 997 2373 Statuimus
1023 2297 1163 2386 etiarn,
1189 2317 1228 2370 ut
1257 2297 1296 2368 in
1323 2288 1467 2370 Ordine
1496 2293 1613 2370 vestro
1647 2319 1745 2372 unus
1782 2293 1826 2370 lit

420 2425 636 2523 Magister,
671 2429 733 2526 qni
760 2421 933 2501 universo
961 2422 1096 2496 Ordini
1124 2419 1312 2515 provideat
1348 2423 1385 2497 dt
1413 2421 1610 2513 intendat3
1647 2421 1825 2500 univerit

420 2576 566 2656 quoque
593 2551 766 2626 donibus
804 2548 911 2647 primi
948 2549 985 2622 dt
1024 2540 1170 2618 secundi
1194 2540 1383 2637 Ordinis,
1421 2567 1529 2644 atque
1561 2533 1824 2624 Conventibu's

418 2681 517 2758 tertii
540 2677 719 2771 Ordinis,
746 2677 806 2753 ubi
836 2699 897 2774 per
923 2671 957 2748 se
984 2671 1100 2784 ipsum
1129 2673 1312 2769 potuerit,
1338 2671 1502 2772 quolibet
1529 2695 1660 2766 anno,
1681 2695 1741 2749 aut
1759 2697 1822 2770 per
1892 2693 1894 2698 ’

418 2803 576 2880 idoneas·
599 2801 770 2900 personas
796 2801 836 2875 in
865 2801 1029 2896 generali
1056 2798 1219 2893 capitulo
1245 2795 1410 2890 arettas,
1449 2797 1612 2878 officium
1641 2801 1818 2878 vifitatio·

416 2932 474 3006 nis
501 2929 722 3026 impendat3
757 2931 793 3004 dt
819 2951 899 3027 quae
926 2925 1114 2999 statuenda
1142 2924 1198 2996 vel
1224 2927 1435 3022 corrigenda
1464 2931 1658 3022 repererit,
1686 2927 1821 3004 statuat

420 3057 457 3130 dt
485 3055 653 3130 emendet
682 3053 881 3130 secundum
909 3049 1039 3126 Deum
1077 3044 1244 3126 &vestri
1273 3044 1425 3124 Ordinis
1467 3051 1632 3128 instituta
1672 3081 1733 3152 per
1759 3055 1822 3132 Se·

414 3182 501 3256 dem
519 3179 770 3278 Apostolicam
797 3174 1022 3271 approbata3
1048 3171 1149 3262 cujus
1174 3172 1394 3250 elestionern
1420 3179 1749 3276 &depositionem
1776 3181 1820 3257 ad

416 3331 513 3401 eos,
549 3307 611 3405 qui
640 3305 683 3378 ad
713 3301 784 3374 boc
810 3300 849 3372 in
875 3296 1052 3396 Capitulo
1079 3301 1241 3393 generali
1274 3303 1376 3376 eledii
1406 3301 1578 3398 fuerint,
1618 3307 1819 3386 secundum

414 3456 585 3510 tenorem
613 3425 922 3504 constitutionum
950 3423 1148 3500 velitatum
1178 3426 1352 3500 volumus
1380 3432 1585 3525 pertinere.
1626 3435 1818 3510 Visrtatio·

414 3565 473 3642 nis
499 3585 644 3662 quoque
681 3557 978 3634 &curnilionis
1014 3551 1085 3651 ipse
1111 3551 1290 3650 Magister
1328 3554 1432 3655 super
1468 3565 1678 3640 universum
1704 3563 1817 3640 Ordi-

414 3664 502 3766 nem
531 3705 605 3762 tarn
636 3686 673 3758 in
701 3679 941 3778 spiritualibus
968 3704 1080 3778 quam
1108 3680 1148 3752 in
1177 3681 1438 3775 temporalibus
1478 3689 1682 3783 plenariam
1719 3692 1815 3766 obti-

413 3832 500 3890 neat
529 3806 770 3907 potestatem.
811 3803 933 3880 Semel
964 3827 1051 3878 vero
1079 3801 1121 3876 ad
1151 3804 1276 3876 minus
1312 3805 1351 3877 in
1380 3831 1481 3883 anno
1507 3815 1734 3892 celebrabitis
1760 3843 1816 3892 ca·

412 3937 571 4036 pitulum
602 3933 809 4028 generale,
846 3931 885 4003 in
914 3953 987 4026 quo
1016 3925 1201 4022 praedidius
1227 3925 1398 4024 Magister
1432 3958 1516 4008 cum
1540 3935 1812 4019 Definitoribus

415 4060 541 4135 elediis
570 4059 607 4130 in
637 4055 712 4151 ipso
738 4055 898 4148 capitulo
926 4051 1124 4125 seeundum
1155 4037 1410 4132 institutiones
1440 4056 1542 4138 vestri
1570 4065 1749 4165 Ordinis,
1774 4095 1815 4152 ea

410 4209 491 4288 quae
520 4185 564 4258 ad
587 4177 916 4267 reformationem,
943 4172 1099 4268 statum,
1125 4179 1160 4254 dt
1185 4175 1387 4275 profedum
1407 4181 1561 4266 Ordinis
1585 4196 1814 4292 pertineant,

1690 4309 1767 4402 stne

405 4495 455 4576 ,ω
481 4497 637 4567 videque
665 4489 693 4548 in
720 4487 790 4546 hane
815 4493 872 4546 ran
897 4485 1085 4547 adnotavimus
1160 4485 1287 4552 Ecclefie
1302 4467 1471 4559 mentionem
1488 4497 1606 4560 omitti.

448 4613 514 4672 pag.
534 4615 592 4666 ιη.
620 4589 707 4650 Vides
727 4587 774 4648 hic
790 4603 883 4648 umen
902 4585 1093 4650 Morttrieulit
