3978 5484
462 547 548 636 136·
677 541 1132 621 ‘Huurrrrroxuu
1172 541 1581 621 Mommsen·

424 669 462 742 in
492 662 648 746 Ecclesia
678 669 847 763 pariunt,
875 668 1068 768 apostolice
1095 669 1331 743 comestionis
1360 667 1613 742 moderamine
1637 659 1824 742 resecare,
1854 745 1856 753 y

422 796 458 866 ὃ(
481 790 579 886 quod
601 790 884 888 superstitiosum
908 795 1023 898 visum
1050 793 1191 886 suerat,
1217 791 1448 868 ecclesiastice
1472 787 1703 866 distrit'lionis
1731 783 1824 874 lima

422 916 568 1010 polire,
595 935 637 991 ut
660 913 820 992 resecatis
846 915 1032 1012 superfluis
1055 917 1235 1016 prodeant
1260 917 1299 989 in
1323 919 1442 990 lucem
1465 913 1642 1007 obscura,
1666 917 1702 990 ὃ(
1724 925 1822 1006 certa

424 1037 513 1111 fiant
541 1063 610 1138 que
637 1037 744 1114 dubia
775 1033 1020 1120 videbantur.
1065 1041 1158 1118 Inde
1185 1037 1268 1133 est,
1297 1043 1508 1139 quodcum
1537 1044 1580 1116 ad
1608 1037 1825 1136 sopiendum

428 1166 482 1236 vel
514 1161 758 1258 sepeliendum
785 1171 912 1261 potius
941 1170 1175 1258 scandalum,
1202 1164 1304 1266 quod'
1326 1189 1460 1242 contra
1488 1191 1552 1242 vos
1576 1165 1704 1242 suerat.
1721 1151 1827 1237 sisci-

428 1307 548 1361 tarum
589 1309 668 1360 non
701 1291 822 1383 paucis
855 1295 1117 1384 credentibus,
1156 1315 1221 1366 vos
1254 1289 1537 1368 constitutiones
1571 1286 1833 1366 Ecctefiasticas

431 1437 511 1484 non
543 1409 714 1502 servare,
751 1413 794 1485 ad
835 1413 994 1490 nollrarn
1035 1413 1253 1522 presentiam
1290 1433 1407 1490 certos
1443 1395 1595 1491 nuntios
1621 1411 1829 1502 missisetis,

434 1535 617 1610 mandatis
640 1559 704 1608 vos
729 1536 932 1631 apostolicis
955 1555 1299 1638 exponentes,·nos
1320 1539 1502 1637 proposita
1531 1541 1644 1616 velira
1669 1542 1711 1614 de
1738 1561 1848 1612 con·.

427 1655 517 1738 srlio‘
538 1657 753 1734 venerabilis
779 1658 899 1739 fratris
924 1668 1053 1743 nollris
1081 1671 1131 1757 (l.
1154 1663 1545 1754 ursivilVercellenfis
1566 1663 1762 1762 Episcopi,
1789 1667 1827 1738 δὲ

427 1787 547 1866 diteui
572 1784 637 1860 filii
661 1785 919 1883 Locediensrs,
940 1797 976 1868 or
997 1793 1094 1868 bone
1118 1794 1297 1868 memorie
1320 1793 1364 1866 de
1385 1789 1541 1866 Cerreto
1562 1789 1752 1865 Abbatum
1776 1792 1831 1884 (4)

426 1908 688 1986 mandavimus
714 1911 754 1986 in
781 1937 901 1989 unum
928 1919 1095 2013 regulare
1122 1913 1352 2013 proposrtum
1374 1909 1623 1992 consormari.
1652 1909 1833 2010 Cumque

428 2031 759 2134 ipsi-presentatum
788 2035 849 2113 fibi
885 2063 905 2114 a
942 2040 1044 2115 vobis
1082 2044 1154 2118 vite
1182 2041 1293 2118 vestre
1326 2041 1531 2128 ,formulam
1562 2042 1599 2116 dt
1627 2040 1831 2134 regulam,¹

431 2187 544 2261 quam
560 2163 777 2259 proponitis
805 2163 995 2260 profiteri,
1020 2162 1285 2242 examinassent
1311 2165 1548 2262 diligentius,
1575 2167 1612 2241 ὅ(
1634 2165 1672 2238 in'
1693 2163 1832 2262 aliqui·¹

424 2290 491 2365 bus
546 2285 817 2383 correxissent,
862 2317 930 2366 nos
973 2317 1057 2368 earn
1093 2292 1249 2367 'tandem
1292 2311 1354 2384 pet
1396 2289 1547 2369 dileslos
1583 2287 1681 2364 filios
1714 2288 1830 2364 titulo

428 2417 466 2492 S.
488 2413 654 2490 Marcelli
679 2407 939 2512 presbiterum,
963 2425 999 2495 br
1024 2417 1074 2491 G.
1095 2414 1156 2490 SS.
1174 2409 1322 2486 Cosmae
1343 2414 1380 2486 &
1404 2411 1584 2508 Damiaqi
1607 2411 1831 2490 Diaconum

426 2541 706 2630 Cardinalem,
739 2545 776 2615 dc
807 2537 957 2616 sratrem
994 2539 1215 2617 Rainerium
1244 2539 1297 2634 (5)
1324 2537 1532 2614 examinari
1568 2535 1761 2630 fecimus,
1795 2540 1831 2614 dt

427 2665 577 2743 tandem
604 2664 832 2740 correximus
858 2691 919 2764 per
948 2691 1016 2742 nos
1039 2663 1155 2762 ipsos,
1183 2665 1219 2737 bt
1246 2660 1444 2736 correctam
1469 2663 1676 2740 curavimus
1701 2687 1832 2762 appro-

428 2794 538 2883 bare,
565 2787 666 2876 cujus
691 2792 873 2886 exemplar
900 2793 943 2867 ad
972 2790 1158 2880 majorem·
1178 2789 1483 2884 cautelamapud
1507 2790 1628 2868 sedem
1656 2789 1830 2889 aposloli«

430 2943 512 2996 cam
535 2917 778 2990 reservamus.
807 2916 1009 3016 Eapropter
1030 2917 1149 2994 dilesli
1174 2917 1211 2990 iu
1235 2913 1410 2990 Domino
1430 2913 1497 2991 filii
1520 2916 1642 2992 vestris
1661 2915 1828 3014 precibus

428 3061 662 3132 annuentes,
690 3063 754 3114 vos
779 3044 815 3116 ὅ(
844 3042 922 3115 loca
949 3038 1061 3116 velita
1084 3038 1147 3117 sub
1167 3039 1262 3114 beati
1284 3041 1372 3136 perri
1393 3043 1429 3117 ὅ(
1451 3039 1574 3117 noslra
1597 3042 1823 3138 protectione

427 3167 669 3265 suscipimus,
695 3166 731 3238 ὅ(
759 3161 932 3258 presentis
960 3161 1083 3263 scripti
1110 3161 1317 3259 patrocinio
1341 3166 1643 3242 communimus.
1672 3169 1723 3246 In
1751 3165 1822 3263 pri·

429 3294 501 3368 mis
529 3287 704 3386 srquidem
732 3283 960 3379 statuentes,
995 3307 1035 3362 ut
1063 3291 1101 3362 iu
1129 3289 1217 3362 locis
1244 3285 1397 3380 vestris,
1425 3289 1621 3390 inquibus
1648 3293 1693 3370 ad
1722 3290 1824 3368 obse·

430 3420 561 3518 quium
590 3411 664 3488 Dei
691 3413 944 3487 communiter
971 3397 1114 3505 vivitis,
1141 3411 1322 3490 inllitutio
1344 3417 1516 3514 regularis
1536 3417 1739 3495 secundum
1761 3445 1822 3518 ap·

428 3537 688 3636 probationem
724 3533 919 3628 apostolice
953 3535 1041 3612 sedis
1077 3535 1339 3614 iuviolabiliter
1375 3542 1616 3622 observetur.
1654 3545 1823 3622 Preterea

428 3655 676 3763 quascumque
703 3655 968 3755 possessiones,
1001 3684 1230 3762 quecumque
1265 3661 1364 3740 bona
1388 3667 1523 3744 domus
1551 3668 1665 3744 vellre
1692 3669 1835 3767 impre..

435 3789 636 3864 sentiarum
670 3783 938 3860 rationabiliter
973 3785 1183 3884 possident,
1217 3791 1273 3861 vel
1311 3787 1349 3860 in
1386 3783 1554 3866 sutorum
1581 3790 1824 3882 justismodis

429 3913 608 4015 prestante
635 3909 794 3985 domino
823 3929 996 4006 poterunt
1025 3911 1203 4007 adipisci,
1239 3907 1345 3984 firma
1372 3911 1473 3986 vobis
1509 3917 1546 3990 ὃς
1580 3917 1722 3994 illibata
1750 3931 1824 4013 pet·¹

428 4041 631 4120 maneant.
658 4037 754 4114 Sane
776 4036 824 4111 de
853 4037 982 4131 prediis
1010 4041 1045 4113 ὃ(
1074 4038 1152 4111 aliis
1181 4031 1452 4131 possessionibus
1479 4063 1567 4135 quas
1595 4041 1738 4118 habetis
1762 4042 1819 4116 vel

427 4171 507 4247 eliis
536 4163 773 4260 imposterum
801 4161 992 4255 habituri,
1021 4159 1217 4255 Ecclesris,
1245 4162 1289 4236 ad
1316 4183 1403 4259 quas
1430 4162 1652 4260 pertinent,
1679 4167 1834 4242 decimas

1689 4316 1772 4390 per.
1830 4333 1834 4350 .

433 4504 474 4576 (a)
494 4499 568 4560 Vide
587 4517 646 4574 que
665 4497 699 4556 ad
717 4493 854 4574 sequentes
875 4501 1027 4563 innocentii
1047 4452 1109 4562 lite·
1147 4499 1187 4573 (s)
1207 4497 1274 4554 Hoc
1299 4492 1384 4566 ‘illm
1412 4491 1475 4551 1οΝ
1501 4487 1607 4551 ‘isd‘m
1625 4493 1820 4557 ²⁰ss0¹2t501¹⁶¹

464 4617 508 4660 sas
526 4597 730 4660 adnotabimus.
1182 4595 1308 4660 consule.
