4028 5492
477 569 552 660 312
706 557 1153 642 Hnnrntaronntt
1191 556 1558 642 Monntrrtttnt

422 681 611 764 sabinam
648 679 809 784 septimo
846 685 935 768 ldus
972 689 1112 791 Aprilis
1159 685 1393 790 pontificatus
1440 689 1557 769 nostri
1607 699 1711 764 anuo
1759 673 1837 778 pti·

477 833 504 888 0
597 862 607 885 ο
1281 835 1284 842 .

433 833 474 889 m
528 813 607 1040 (8523.
635 939 775 1016 Hortarii
798 942 885 1014 1111.
912 937 950 1014 de
975 965 1092 1018 mare.

448 1073 1827 1108 M

398 1159 401 1164 ’
475 1157 575 1220 Vols.
598 1155 673 1216 Diss.
686 1155 741 1216 ill.
760 1157 916 1222 nisio-XII·
934 1157 966 1221 ἃ
984 1155 1124 1222 Drinlv.
1198 1177 1231 1220 tc
1248 1157 1387 1232 denique,
1404 1173 1438 1218 ut
1455 1151 1660 1230 papebrochius
1676 1145 1846 1216 “blsfffll't

481 1277 558 1317 num·
577 1255 633 1314 ΙΧ·
1202 1255 1283 1316 XX.
1310 1253 1383 1324 Maii
1408 1268 1557 1314 coronatus
1581 1249 1641 1308 esl.
1671 1247 1708 1304 V.
1733 1243 1853 1316 Papium

445 1357 488 1434 lt)
506 1355 645 1414 Honorius
659 1351 704 1411 Ν
716 1392 725 1421 ι
735 1365 812 1410 wlsi
822 1351 1132 1422 IambutCatdSabel·
1204 1353 1328 1416 chrona.
1340 1357 1442 1426 Pontis.
1452 1352 1529 1411 Rae.
1541 1351 1570 1408 in
1579 1345 1640 1415 eius
1649 1343 1739 1404 vua.
1760 1343 1857 1412 ltaque

483 1453 526 1513 lus
538 1447 861 1518 ‚anMCCLxxxv.
871 1453 909 1510 ll.
922 1455 994 1526 Aps.
1005 1454 1133 1516 Summus
1204 1454 1263 1514 dies
1272 1455 1335 1512 Vll.
1356 1451 1449 1525 April.
1469 1449 1554 1523 primi
1574 1446 1649 1505 illius
1668 1443 1856 1505 Pontifiotttu

485 1547 622 1609 Pontifex
637 1546 769 1606 salutetur
787 1547 827 1604 est
847 1547 973 1622 Perulii,
990 1551 1131 1612 ecdeinde
1205 1551 1271 1609 anni
1299 1550 1330 1608 in
1357 1563 1459 1608 annun
1485 1541 1761 1606 MOELXXXVl.
1787 1541 1861 1604 inei·

484 1647 564 1710 XV.
583 1643 704 1716 einum
719 1639 818 1702 merus
832 1643 1136 1724 Ronetuaugunut,
1209 1649 1310 1710 debat.
1572 1643 1577 1662 ¹

957 1780 1352 1880 mammem

450 1964 761 2102 Privilegiurn
796 1961 979 2071 domini
1015 1971 1199 2075 honorii
1235 1975 1360 2108 Pape
1409 1964 1468 2070 tle
1501 1963 1855 2072 confirmatione

977 2135 1340 2271 prepositorum.

929 2387 1007 2440 ests.
1029 2337 1054 2438 r.
1070 2378 1140 2454 Iun.
1159 2381 1205 2440 Ex
1222 2381 1292 2442 Bibl.
1311 2377 1403 2442 Braid.

464 2557 806 2883 Honorius
830 2541 1016 2666 episcopus
1042 2566 1161 2647 servus
1188 2567 1377 2645 servorum
1404 2566 1480 2644 Dei
1507 2565 1644 2644 diteuu
1669 2561 1754 2642 liliis
1779 2563 1860 2644 Ma·

668 2691 781 2790 gissro
807 2720 848 2772 ac
873 2695 1083 2794 prepofitis,
1109 2697 1317 2795 prioribus,
1343 2697 1516 2794 prelatis,
1542 2693 1711 2772 fratribus
1738 2696 1775 2769 ὅ(
1803 2689 1859 2766 so·

667 2822 811 2899 roribus
835 2819 1014 2897 nnivetfis
1038 2821 1238 2894 domorum
1266 2821 1302 2894 de
1330 2821 1498 2898 locorum
1525 2819 1666 2892 ordinis
1690 2816 1864 2890 humilia·

459 2971 586 3030 torum
614 2947 767 3024 salutem
803 2949 841 3024 ὅ(
868 2942 1103 3042 apostolicam
1140 2941 1461 3019 benedidionetn.
1500 2941 1684 3038 Prefignis
1723 2939 1865 3018 ordinis

460 3077 570 3156 vellri
599 3073 727 3174 religio
754 3067 979 3146 fecunditate
1004 3063 1136 3142 referta
1165 3067 1381 3160 virtutum,
1423 3089 1490 3140 nec
1517 3091 1597 3142 nott
1631 3073 1667 3143 dr
1694 3067 1864 3141 denotio-

461 3201 523 3278 ttis
550 3195 760 3287 sinceritas,
783 3217 897 3294 quant
925 3209 1135 3268 reverenter
1162 3193 1199 3266 ὃ(
1227 3188 1351 3264 sedulo
1376 3213 1462 3287 erga
1491 3215 1561 3266 nos
1588 3196 1625 3269 dt
1651 3192 1870 3268 Romanam

465 3323 669 3406 Ecclesiam
696 3321 844 3417 geritis,
870 3334 1153 3414 promerentur,
1179 3333 1218 3388 ut
1246 3337 1310 3387 tos
1336 3317 1373 3392 dt
1400 3315 1572 3389 ordinem
1598 3309 1748 3411 ipsum,
1776 3337 1866 3413 quos

465 3452 691 3528 etiamnum
719 3441 872 3519 essemus
899 3441 937 3512 in
966 3437 1105 3513 minori
1132 3432 1254 3512 officio
1285 3434 1474 3512 constituti
1503 3419 1641 3515 lineeta
1668 3439 1868 3520 dileximus

468 3593 509 3668 jn
536 3573 696 3647 domino
722 3565 908 3655 caritate,
947 3559 1083 3637 satoris
1110 3557 1295 3656 apostolici
1331 3565 1560 3660 plenitudine
1588 3561 1870 3663 prosequentes,

468 3695 573 3776 vobis
599 3693 795 3769 reddantur
831 3688 877 3762 ad
904 3687 1070 3782 tgrntiant
1106 3685 1295 3760 liberales.
1335 3685 1433 3762 Sane
1462 3689 1592 3784 petitio
1618 3688 1736 3767 vestra
1766 3695 1871 3770 nobis

468 3819 633 3900 exhibita
658 3809 909 3902 continebat,
947 3809 1047 3909 quod
1072 3805 1134 3885 sel.
1167 3833 1233 3884 rec.
1260 3807 1504 3884 Innocentius
1532 3835 1622 3908 papa
1651 3811 1719 3888 lV.
1748 3817 1871 3911 prede·

467 3942 582 4024 eelsor
609 3935 734 4016 noster
761 3936 889 4010 volens
916 3934 1019 4009 vobis
1044 3934 1185 4009 dudum
1211 3935 1367 4033 gratiam
1392 3929 1513 4008 facete
1541 3935 1772 4034 specialem,
1809 3946 1872 4020 dn.

474 4073 529 4149 xit
558 4063 769 4144 austeritate
795 4053 994 4154 apostolica
1021 4057 1278 4150 statuendum,
1304 4077 1344 4133 ut
1372 4056 1475 4133 veliti
1504 4060 1646 4136 ordinis
1674 4065 1874 4163 preposito·

474 4221 593 4286 rum,
632 4188 833 4266 eternorum
870 4183 914 4256 ad
949 4183 1191 4280 preposituras
1229 4181 1337 4280 ipsius
1375 4182 1550 4278 ordinis,
1592 4193 1809 4287 approbatio
1839 4198 1874 4272 nt

475 4321 619 4402 amotio
647 4313 690 4387 ad
718 4301 938 4402 Magistrum
963 4307 1046 4381 disti
1075 4309 1239 4398 ordinis,
1264 4308 1326 4403 qui
1354 4304 1440 4381 esset
1468 4332 1534 4403 pro
1562 4326 1760 4410 tempore,
1787 4341 1876 4393 con.

476 4442 641 4526 firmatio
669 4455 794 4509 tamen
825 4425 954 4526 absque
981 4431 1264 4506 examinationis
1290 4427 1467 4507 scrutinio
1503 4431 1547 4505 ad
1581 4435 1798 4516 diocesanos
1822 4447 1876 4518 lo·

478 4593 609 4654 eorum
636 4559 767 4648 debeat
794 4555 1008 4654 pertinere,
1044 4557 1219 4642 inhibens
1244 4555 1402 4660 expresse
1437 4579 1479 4634 ut
1506 4559 1632 4652 nullus
1658 4565 1873 4666 episeopus,

1773 4699 1836 4773 vel
