4020 5490
481 527 557 612 370
710 513 1558 596 HnrrttttaonntrMounustrra

427 633 634 718 sociatione
674 641 729 733 ius
767 643 970 737 vibtandi,
1008 642 1254 739 corrigendi,
1290 639 1572 720 Procuratorem
1607 633 1837 734 recipiendi,

428 763 677 845 confirmandi
703 775 743 849 bt
769 769 932 868 ponendi
961 766 1142 856 maiorem
1169 767 1211 844 in
1237 767 1373 848 Sedent
1400 761 1680 865 ipsiusEcclesre
1702 761 1836 840 sttu-

429 891 526 982 uorij
554 897 592 972 bt
616 893 749 971 omnia
774 895 846 972 alia
871 892 950 984 jura
978 893 1194 990 ternporalia
1218 891 1316 968 disto
1344 893 1540 970 venerabili
1567 889 1675 984 Patri,
1697 885 1837 966 Domi·

431 1048 488 1102 rto
515 1025 802 1126 Archiepiscopo
827 1026 991 1120 Pisano,
1015 1029 1053 1104 dt
1080 1025 1152 1102 suis
1176 1017 1439 1104 Succelsoribus
1461 1019 1671 1116 reservata,
1696 1025 1736 1100 dt
1761 1022 1834 1098 alia

434 1153 563 1250 plura,
589 1149 790 1228 secundum
819 1153 918 1252 quod
945 1155 984 1228 in
1012 1154 1107 1229 diuo
1132 1151 1388 1228 instrumento
1413 1151 1460 1227 ab
1484 1152 1537 1226 eis
1561 1149 1742 1248 produsio
1763 1151 1835 1245 pse·

435 1265 529 1354 ttius'
545 1282 780 1356 continetur.
818 1277 869 1356 Et
896 1279 997 1380 quod
1022 1281 1117 1356 didia
1141 1278 1349 1372 insiitutio,
1373 1281 1412 1356 &
1437 1277 1558 1368 unio,
1583 1279 1620 1352 bt
1647 1271 1840 1352 invesiitu·

428 1391 502 1499 ra,
527 1431 639 1506 quam
667 1403 753 1484 secit
778 1408 823 1485 de
850 1412 1022 1502 unione,
1057 1412 1096 1486 bt
1123 1404 1360 1484 associatione
1385 1403 1551 1500 predistis
1576 1401 1675 1480 idern
1704 1399 1837 1478 Preie-

425 1531 547 1614 'cetlor
571 1531 696 1609 noller
723 1537 841 1612 voluit
869 1539 923 1612 nil
951 1539 1095 1627 valere,
1121 1532 1149 1609 fi
1175 1533 1290 1608 didus
1315 1527 1525 1628 Prepofitus
1550 1532 1588 1606 dt
1613 1527 1759 1604 Fratres
1785 1551 1840 1606 re·

435 1655 575 1734 servata
602 1657 679 1748 iura
709 1662 927 1756 temporalia
955 1659 1204 1760 presumerent
1233 1655 1394 1736 violare.
1426 1645 1838 1736 Attendemestciticet

354 1871 356 1876 ¹
436 1765 538 1884 quod
565 1781 742 1874 ejusmodi
772 1787 890 1886 unio,
917 1791 955 1862 u
981 1783 1256 1874 affociatio,.&
1279 1774 1460 1859 concessto
1498 1777 1714 1866 nulla2suit
1752 1801 1846 1890 tam·

436 1897 549 2012 q'ua'm
587 1909 719 2009 absque
753 1913 835 1987 ullo
862 1911 1055 2002 naemu,
1089 1912 1128 1986 dt
1153 1909 1236 1983 aliis
1261 1905 1596 2003 sollempnitatibus
1626 1909 1755 1989 debitis
1781 1912 1845 1990 ad«

440 2054 613 2128 tentate‚·
643 2035 709 2112 esst
734 2032 894 2126 ejusdem
922 2032 1077 2110 forsitan
1114 2031 1448 2108 intervenientibus
1480 2030 1844 2132 sollempnitatibus,

437 2173 474 2248 bt
504 2166 660 2242 trasiatu
685 2167 812 2264 ailquo
837 2165 1038 2257 extitisset,
1060 2164 1145 2264 quia
1170 2181 1297 2244 tamen
1326 2157 1426 2234 idem
1449 2157 1681 2257 Prepnsrtus,
1708 2161 1849 2245 &Fra-

437 2269 512 2375 tres
536 2294 614 2386 jura
643 2295 844 2370 incudem
871 2289 1125 2366 Instrumenta
1152 2284 1329 2362 reseruata
1355 2281 1495 2360 servare
1521 2287 1686 2367 minime
1713 2310 1845 2385 procss-

442 2433 599 2511 ratuni,
626 2419 898 2518 propterquod
925 2443 945 2493 a
972 2412 1130 2508 iure-‚ss
1156 2409 1244 2510 quid
1272 2411 1326 2490 eis
1351 2415 1394 2492 in
1420 2410 1555 2488 eodem
1580 2435 1844 2512 competeret,

442 2549 556 2621 etiam
584 2525 815 2616 oeciderunt.
853 2539 902 2614 Et
929 2542 1096 2613 solentes
1131 2541 1232 2638 quod
1270 2543 1322 2615 in.
1347 2541 1480 2622 eodem
1518 2542 1640 2619 cultus
1674 2542 1847 2641 antiquus

437 2667 571 2746 Dirini
587 2667 765 2744 Numinis
785 2663 1021 2757 instauretur,
1035 2667 1226 2744 &dietam
1239 2669 1421 2744 unionem
1433 2723 1446 2762 ‚
1458 2666 1843 2762 associationemcon.

436 2794 659 2887 cessionem,
683 2791 1027 2872 &Iusimmentum
1056 2796 1192 2870 exinde
1217 2791 1428 2870 confestum
1456 2796 1599 2872 nullius
1622 2800 1844 2894 ponuntia·

436 2939 521 3000 inus
547 2917 729 3012 extitisse,
754 2922 810 2994 rel
838 2918 991 2997 exislere
1018 2918 1240 3014 firmitatis,
1273 2943 1342 2994 nee
1367 2924 1639 3018 perendino
1658 2921 1848 3002 Monatu.

437 3052 496 3124 rio
522 3025 559 3124 S.
581 3046 753 3141 Torpetis
780 3044 958 3138 unitum,
985 3039 1199 3128 associatum
1224 3047 1329 3138 ‚uei
1354 3047 1635 3144 inoorperatum
1656 3105 1671 3144 ,
1690 3054 1764 3128 -uel
1799 3051 1845 3128 ad
1993 3023 1994 3034 ἵ

438 3175 575 3254 etatum
601 3172 783 3248 Ordinem
811 3167 1145 3266 Humiliatorum,
1184 3177 1241 3249 vel
1265 3175 1312 3252 de
1337 3178 1415 3274 ipso
1438 3178 1582 3259 Ordine
1609 3177 1847 3273 non'l'uilse,

438 3277 495 3377 ud
524 3299 626 3392 esse,
662 3297 719 3372 sed
747 3282 814 3370 ¹else
843 3294 906 3370 sub
928 3295 1111 3391 Ordine,
1144 3302 1180 3376 dt
1206 3297 1690 3385 monimentorum
1719 3309 1845 3386 secun·

438 3425 530 3500 dum
559 3404 706 3534 predisti
729 3421 961 3499 Venerabilis
986 3421 1103 3499 Patris
1123 3419 1287 3500 Domini
1308 3426 1587 3530 Ardbiepiscopi
1609 3432 1732 3513 Pisani
1760 3463 1843 3538 pro-

442 3549 645 3626 videntiam
674 3548 984 3648 gubernandum.
1721 3647 1725 3654 .

538 3673 631 3752 Lata
659 3680 696 3752 nt
725 3675 817 3750 dieta
844 3673 915 3751 suit
941 3677 1035 3752 dieta
1062 3673 1258 3754 Sententia
1292 3702 1355 3778 per
1388 3681 1665 3784 suprascriptum
1693 3691 1836 3770 Domi.

438 3821 531 3880 num
559 3802 767 3878 Henticum
796 3801 984 3876 Vitarium
1025 3803 1070 3876 ad
1095 3800 1250 3878 Curiam
1292 3823 1358 3900 pro
1384 3779 1592 3887 Tribunus
1617 3814 1764 3895 sedente
1797 3823 1837 3897 in

435 3921 596 4008 nectem
620 3929 655 4006 S.
671 3925 827 4026 Georgii
855 3927 1046 4020 Pisarum,
1072 3927 1132 4004 nbi
1160 3928 1238 4018 jura
1264 3933 1468 4010 redd-untur
1494 3937 1533 4011 in
1561 3949 1837 4024 contumaciam

437 4059 760 4161 suprascriptorum
790 4054 963 4156 Ptepofiti
977 4111 991 4168 ἲ
1017 4061 1054 4134 dt
1080 4055 1248 4132 Fratrum
1278 4055 1498 4158 present-ibus
1520 4063 1688 4147 'Pellibus
1706 4071 1841 4150 Domi.

439 4217 492 4266 no
518 4187 715 4267 Tancredo
740 4181 933 4274 plebano,
963 4182 1141 4258 Domino
1165 4183 1278 4260 Petro
1305 4184 1450 4264 Abbate
1475 4187 1692 4287 Monesierii
1719 4195 1843 4276 Sandis

435 4317 636 4396 Michaelis
661 4317 707 4391 de
731 4307 867 4408 Quiesa
894 4316 977 4412 (4),‘
1002 4313 1122 4387 dmrio
1149 4307 1345 4388 Francisco
1367 4307 1512 4393 nubite
1531 4317 1751 4417 Monaslerij
1777 4329 1840 4406 SS.

430 4547 436 4557 .
1699 4453 1731 4528 A
1739 4481 1801 4557 po·

432 4635 477 4709 14)
495 4627 673 4694 Montana
689 4620 1138 4694 urentecamtdutentiedaque
1212 4643 1256 4700 ep.
1274 4623 1387 4700 Ugheu,
1404 4629 1458 4694 100,
1475 4631 1524 4694 dp,

390 4721 416 4770 ,‘
479 4735 524 4800 V.
535 4733 665 4813 Gregorii
687 4727 758 4790 vrt.
776 4727 925 4786 liternum
934 4719 1133 4786 miili.
1239 4773 1243 4780 .
