4008 5494
480 565 554 649 320
706 541 1574 632 chrtrrroruunounnentr'

431 675 537 750 vobis
560 672 716 756 dilirille
741 682 958 782 precipimus
982 685 1020 760 dt
1047 682 1293 778 mundemus,
1309 705 1490 785 quatenus
1514 679 1644 760 fratres
1669 675 1841 774 eosdem,

431 823 526 899 quos
551 825 598 880 ex
626 828 728 882 nunc
752 827 795 886 ut
819 831 868 886 ex
893 824 981 884 tunc
1007 806 1048 883 in
1075 807 1133 890 his
1153 805 1288 910 scriptis
1322 807 1724 887 excommucationis
1756 806 1847 880 uin·

422 929 521 1008 culo
547 929 807 1026 innodamus,
844 933 1190 1009 excommunicatos
1225 959 1288 1034 per
1312 927 1571 1012 Mediolanen.
1604 937 1645 1010 bt
1669 925 1840 1008 Comen.

432 1051 621 1168 ecclelits,
647 1053 794 1154 prefatis
820 1057 1032 1156 quindecim
1058 1055 1184 1134 diebus
1210 1051 1363 1155 eleplis,
1397 1058 1540 1154 publice
1568 1055 1717 1155 pulsetis
1741 1077 1848 1132 cem·

436 1178 541 1276 panis
574 1181 796 1276 &candelis
822 1178 978 1260 eecenfis
1012 1187 1067 1283 (ς)
1103 1185 1243 1262 tamdiu
1281 1183 1436 1285 lingulis
1470 1185 1597 1262 diebus
1624 1181 1847 1260 Dominicis

435 1303 474 1376 bt
501 1297 665 1395 fellitis,
702 1327 788 1380 cum
816 1306 943 1405 populi
968 1307 1018 1381 cd
1040 1305 1168 1384 divine
1193 1313 1477 1403 convenerint,
1520 1309 1698 1386 nuntietis
1723 1312 1762 1384 dt
1785 1294 1844 1378 fo·

435 1427 540 1500 cieris
565 1426 609 1503 ab
636 1430 719 1504 eliis
747 1430 948 1525 nuntiari,
981 1454 1021 1507 ac
1058 1429 1308 1507 nihilominus
1333 1429 1380 1508 ab
1405 1431 1583 1510 omuibus
1609 1433 1740 1526 apulus
1764 1425 1846 1505 eti·

440 1559 543 1653 tari,
580 1555 766 1660 quousque
792 1555 927 1634 rubore
952 1555 1076 1638 suffusi
1104 1561 1150 1636 sd
1177 1559 1401 1638 humilitatis
1426 1562 1583 1660 gratiam
1616 1561 1656 1637 bt
1680 1556 1849 1636 reconci-

441 1685 608 1768 liationis
635 1679 805 1760 affectum
834 1687 992 1784 prompti
1022 1687 1282 1780 inclinentur,
1321 1683 1405 1784 iplit
1435 1703 1611 1782 experte
1640 1682 1765 1761 nolite
1792 1683 1851 1760 ni·

438 1811 651 1890 bilnminus
676 1813 923 1905 predicentes,
957 1813 1060 1911 quod
1085 1807 1113 1886 fi
1142 1807 1188 1885 lic
1217 1809 1363 1888 domari
1390 1811 1658 1909 nequiverint,
1690 1810 1852 1908 pertint·

436 1939 494 2014 cie
519 1937 737 2012 eorumdem
765 1959 835 2011 nos
862 1940 910 2016 ed
936 1959 1050 2035 penas
1076 1935 1164 2014 nlius
1189 1933 1393 2038 spirituales
1417 1939 1457 2015 bt
1481 1935 1718 2033 temporales,
1731 1956 1848 2032 quen·

439 2085 523 2144 turn
549 2057 681 2152 iustitia
712 2059 938 2159 permiserit,
965 2060 1160 2160 procedere
1186 2060 1395 2136 curabimus
1419 2077 1550 2134 contre
1576 2053 1700 2154 ipsos.
1739 2057 1851 2137 Cete-

442 2211 556 2282 rum,
580 2187 666 2286 quis
693 2187 755 2265 ubi
783 2185 866 2262 dilli
893 2181 1025 2262 fratres
1052 2183 1254 2279 videbunt,
1279 2181 1316 2259 se
1350 2185 1390 2260 in
1418 2185 1632 2262 rebellionis
1658 2183 1850 2275 hujusmo·

437 2317 476 2397 di
502 2313 662 2393 ludione
689 2314 851 2390 aliorum
876 2307 1019 2388 destitui
1045 2308 1234 2402 confilio,
1259 2310 1429 2405 auxilio,
1454 2305 1664 2406 defesore,
1691 2309 1847 2390 feciliter

442 2446 489 2523 ad
514 2439 789 2531 obediendum,
814 2437 1139 2534 &deponendum
1168 2436 1390 2532 pertinacem
1419 2433 1585 2532 spiritum
1614 2435 1850 2532 inducentur,

444 2565 549 2644 robis
576 2562 853 2660 precipimus&
879 2561 1123 2651 mandamus,
1162 2578 1344 2657 quatenus
1371 2582 1504 2638 omnes
1529 2563 1566 2639 δι
1593 2557 1763 2661 fingulos
1788 2588 1852 2641 cu.

445 2687 658 2784 luscumque
683 2683 896 2780 dignitatis,
921 2683 1177 2774 conditionis,
1205 2681 1486 2780 preminentie,
1521 2685 1630 2762 lictus
1666 2691 1723 2766 vel
1751 2690 1852 2766 ordi·

446 2815 506 2892 nis
531 2807 721 2901 existant,
755 2831 802 2882 ex
829 2825 927 2906 parte
958 2807 1079 2882 nostre
1106 2804 1250 2904 publice
1278 2809 1493 2903 monearis,
1521 2829 1563 2887 ut
1590 2813 1755 2910 predictis
1780 2809 1852 2889 fra.

447 2934 563 3012 tribus
590 2939 649 3012 rel
676 2934 784 3012 alicui
810 2933 1030 3011 eorumdem
1060 2929 1209 3007 nullum
1236 2929 1277 3004 in
1305 2929 1479 3026 premiffis
1504 2934 1596 3013 dent
1624 2939 1766 3034 publice
1793 2937 1855 3018 tei

445 3065 590 3141 occulte
616 3063 833 3152 auxilium,
867 3052 1103 3148 confilium,
1142 3057 1197 3130 tel
1226 3049 1420 3150 levorem,
1454 3053 1516 3134 l'eu
1544 3060 1857 3156 impedimentum

447 3185 605 3290 prestent
630 3179 951 3287 quomodolibet,
988 3179 1191 3278 quominus
1225 3175 1289 3274 iplr
1315 3175 1442 3256 fratres
1476 3185 1515 3262 bt
1548 3209 1680 3264 eorum
1706 3187 1860 3288 quilibet

449 3315 562 3392 libere
586 3309 626 3386 se
652 3309 696 3384 td
724 3311 805 3384 loce
829 3302 1023 3382 conferunt
1056 3301 1278 3401 supradicta.
1305 3303 1488 3404 Alioquin
1510 3309 1549 3386 in
1573 3335 1705 3388 omnes
1726 3317 1766 3394 bt
1789 3311 1862 3390 fin·

450 3440 560 3538 gulos
583 3433 841 3534 cuiuscumque
866 3431 1083 3532 dignitatis,
1107 3427 1365 3520 conditionis,
1393 3434 1663 3530 preminentie,
1687 3440 1856 3534 ordinis,

454 3567 514 3644 vel
542 3559 652 3636 stritus
676 3556 868 3649 existant,
903 3556 965 3656 qui
994 3554 1111 3654 spreta
1140 3552 1355 3630 monitione
1383 3553 1595 3644 hujusmodi
1620 3582 1756 3640 contre
1785 3587 1865 3664 pre·

453 3687 559 3772 millu
583 3679 762 3775 fecerint,
788 3682 846 3758 vel
872 3679 1011 3782 aliquid
1037 3675 1291 3776 premillorum
1317 3729 1331 3772 ,
1369 3681 1511 3778 publice
1539 3689 1597 3760 ecl
1625 3691 1795 3784 occulte,
1821 3713 1863 3768 ex

456 3839 561 3894 nunc
586 3821 628 3890 ul
655 3832 700 3886 ex
728 3826 816 3885 tunc
841 3804 1243 3884 excommunicationis
1277 3801 1496 3882 sententiam
1534 3805 1689 3890 ferimus
1725 3815 1766 3892 in
1804 3815 1861 3892 his

463 3939 628 4038 scriptis,
652 3955 763 4036 quern
791 3933 817 4010 sc
846 3929 983 4011 neeesse
1010 3927 1118 4008 luerit
1144 3927 1322 4007 iaciemus
1347 3927 1562 4010 solemniter
1590 3939 1791 4039 publicari,
1828 3947 1862 4026 α

459 4093 527 4146 eos
556 4066 655 4142 velut
687 4059 1030 4139 excommunicatos
1068 4054 1210 4132 tamdiu
1249 4053 1297 4132 eb
1332 4055 1509 4134 omnibus
1543 4057 1676 4142 urbliue
1709 4070 1862 4166 evitari,

459 4188 648 4296 quousque
675 4185 797 4266 abeis
823 4181 1063 4278 destiterint,
1104 4183 1142 4262 bt
1168 4179 1352 4262 mandetis
1385 4180 1520 4262 noliris
1552 4193 1741 4286 patuerint
1777 4221 1860 4274 cunr

1655 4312 1783 4398 effectu
1798 4375 1810 4400 .

460 4498 507 4574 (ς)
524 4495 574 4557 De
599 4489 644 4554 bit
669 4483 786 4560 eliil'que
800 4491 1071 4554 exmmuoieetionis
1099 4495 1140 4556 le·
1214 4451 1858 4578 Jusccujlluv.l⁹.lllrtr,11.cae.71u.

425 4613 429 4622 ’
498 4597 589 4659 reule
609 4587 713 4658 ritibus
731 4582 839 4652 Μαι
847 4585 967 4664 dlpuut
984 4593 1144 4674 metipso
1832 4649 1835 4654 .
