4020 5490
488 519 563 604 352
715 503 1586 592 Hunrtrrcosnrrblotrnusurr·

472 740 777 878 Privileginm
800 751 1041 852 Benedidii
1072 756 1156 855 ΧΙ.
1194 753 1310 858 ficut
1344 753 1570 890 Magister
1603 735 1807 854 Ordinis

579 939 684 1006 curu
720 913 856 1016 certis
889 915 1148 1050 Praepoliris
1185 927 1317 1018 unite
1352 917 1500 1053 potest
1541 913 1705 1015 domos

1031 1077 1258 1180 Ordinis.

892 1351 972 1404 ¹30⁴·
995 1355 1034 1393 1ο,
1055 1333 1137 1395 Febr.
1156 1334 1202 1393 Ex
1222 1333 1292 1398 0οᾶ.
1313 1333 1405 1398 Plllic·

442 1510 764 1836 BEnedislus
791 1521 987 1624 Episcopus
1014 1525 1147 1602 Servus
1171 1525 1371 1599 Servorum
1393 1519 1470 1598 Dei
1496 1487 1631 1596 dirett'o
1659 1513 1741 1593 filio
1766 1513 1847 1592 Ma·

593 1642 707 1742 gillro
734 1644 911 1723 Generali
937 1643 1092 1720 Ordinis
1119 1643 1418 1722 Humiliatorum
1461 1647 1505 1722 ad
1533 1645 1759 1723 Romanam
1782 1637 1848 1714 Ec·

594 1769 740 1844 clesram
782 1777 887 1848 nullo
923 1780 1046 1850 medio
1084 1778 1304 1869 pertinentis
1345 1776 1498 1852 salutern
1533 1779 1570 1850 dt
1597 1767 1847 1870 Apostolicam

442 1895 765 1972 benedidioncm.
805 1893 868 1972 De
895 1897 1114 1995 provisionis
1141 1898 1272 1972 nostrae
1305 1902 1431 1976 venire
1465 1897 1572 1974 debet
1598 1898 1770 1986 auxilio,
1809 1901 1850 1966 ut

444 2019 703 2101 Ecclesraliicis
729 2023 915 2119 personis,
940 2021 1134 2122 Religiosrs
1162 2025 1362 2120 praecipue,
1388 2025 1521 2121 quietis
1542 2021 1742 2100 commoda
1767 2041 1848 2114 pro·

443 2169 643 2239 curentur,
670 2169 710 2222 ut
738 2147 887 2224 liberius
915 2145 1046 2244 poffiut
1071 2149 1248 2225 devotum
1279 2152 1494 2247 impendere
1520 2149 1697 2226 Domino
1720 2144 1846 2222 samu·

443 2274 593 2350 latum.
632 2271 692 2348 Ex
719 2295 818 2370 parte
846 2270 1022 2372 siquidem
1051 2292 1140 2365 tua,
1176 2300 1216 2352 ac
1243 2274 1553 2374 praepositorum,
1580 2273 1849 2368 Praelatorum,

442 2395 653 2492 Fratrum,
696 2425 735 2475 ac
762 2400 943 2476 Sororum
974 2401 1026 2476 tui
1053 2397 1206 2474 Ordinis
1231 2398 1301 2476 fuit
1318 2400 1535 2504 expositum
1560 2425 1688 2476 coram
1717 2400 1848 2496 nobis,

443 2527 546 2630 quod
573 2527 612 2600 in
638 2523 811 2598 domibus
838 2525 1005 2620 plurimis
1031 2523 1113 2598 didii
1140 2521 1319 2616 Ordinis,
1347 2551 1500 2627 quarum
1530 2527 1668 2624 aliquas
1691 2521 1848 2613 Fratres,

441 2655 489 2729 δι’
508 2649 596 2724 alias
624 2647 778 2723 Sorores
805 2646 961 2722 Ordinis
990 2647 1097 2745 iplius
1123 2649 1362 2744 inhabitant,
1389 2675 1468 2726 non
1497 2651 1613 2748 potcll
1643 2677 1705 2748 per
1727 2653 1848 2728 Sacer-

444 2779 552 2854 dotes
577 2775 661 2849 didi
687 2772 841 2850 Ordinis
865 2773 1062 2868 deserviri,
1103 2793 1183 2850 tum
1212 2797 1357 2873 propter
1384 2803 1510 2854 earum
1540 2776 1848 2870 multitudinem,

443 2927 528 2992 rum
562 2901 648 3002 quia
687 2899 727 2972 in
765 2922 893 2976 earum
931 2899 1092 2996 pluribus
1132 2903 1246 2976 nullae
1281 2897 1448 2978 Ecclefiae
1487 2901 1571 2978 sunt
1610 2899 1852 2998 construdiae,

445 3030 618 3132 quodque
644 3023 735 3122 supe
758 3026 972 3122 contingit,
998 3027 1099 3125 quod
1128 3023 1297 3102 fratrum
1324 3029 1361 3104 dt
1385 3028 1566 3103 Sororum
1591 3027 1755 3124 ipsarum
1781 3031 1849 3106 do·

446 3179 627 3247 morum,
657 3152 852 3252 praesertim
879 3157 918 3229 in
945 3157 1077 3256 quibus
1104 3155 1310 3230 cemeteria
1340 3177 1417 3228 non
1446 3153 1634 3248 exiliunt,
1670 3181 1850 3254 corpora,

444 3310 531 3366 cum
557 3280 766 3368 decedunt,
789 3279 834 3352 dc
863 3275 943 3372 ipsis
972 3280 1061 3354 locis
1088 3275 1294 3354 efferuntur
1319 3281 1364 3356 sd
1390 3283 1470 3358 loca
1498 3283 1570 3356 alia
1599 3280 1691 3356 inibi
1724 3301 1850 3361 tumu-

447 3407 584 3499 landa,
612 3427 678 3478 nec
707 3400 819 3498 potest
846 3403 886 3475 in
915 3403 957 3476 iis
979 3403 1209 3480 Conllittrtio
1234 3399 1295 3478 sel.
1325 3427 1393 3478 rec.
1420 3402 1601 3480 Bonifatii
1630 3431 1729 3505 papae
1755 3408 1850 3482 otta·

449 3537 489 3610 vi
516 3528 777 3630 predecessoris
804 3527 915 3606 nostri
943 3530 987 3606 dc
1013 3527 1243 3606 Monialibus
1269 3527 1458 3616 cujuslibet
1476 3527 1627 3604 Ordinis
1654 3532 1850 3608 includen-

447 3661 503 3738 dis
530 3663 612 3750 (r),
638 3680 684 3732 ex
709 3653 824 3730 causis
850 3653 1034 3751 praemissis
1060 3657 1259 3731 commode
1287 3652 1489 3748 observari.
1526 3654 1609 3730 Nos
1635 3677 1764 3732 autem
1794 3655 1846 3736 su·

447 3810 512 3890 per
542 3785 598 3860 his
625 3783 669 3858 de
698 3779 827 3858 salubri
857 3784 1043 3882 providere
1071 3782 1234 3858 remedio
1261 3780 1477 3876 cupientes,
1511 3777 1719 3856 discretioni
1751 3803 1847 3878 tus,

448 3917 496 3994 de
522 3936 594 4012 qua
622 3905 791 3984 fiduciam
821 3908 983 4002 gerimus
1009 3908 1047 3982 in
1074 3905 1252 3983 Domino
1279 3903 1495 4004 specialem,
1520 3905 1673 3978 uniendi
1705 3907 1787 3979 illes
1805 3929 1848 3983 ex

446 4037 621 4118 domibus
646 4034 858 4126 antedidlis,
896 4033 942 4108 de
968 4057 1121 4132 quarum
1151 4031 1294 4107 unione
1321 4027 1454 4104 Ordini
1485 4028 1655 4124 praedidio
1680 4053 1848 4108 commo·

449 4170 573 4256 ditas,
590 4185 634 4238 ac
659 4157 823 4258 personis
849 4157 889 4234 iu
916 4159 960 4234 iis
980 4155 1198 4254 degentibus
1225 4155 1326 4256 quies
1350 4155 1387 4232 br
1409 4149 1502 4226 salus
1529 4157 1754 4250 proueniunt
1776 4160 1850 4234 ani·

1618 4305 1768 4360 marum
1783 4336 1795 4377 ,

443 4479 491 4558 (sl
507 4480 554 4540 De
572 4480 623 4538 lrac
644 4477 777 4538 bonifacii
799 4475 883 4535 Vlll.
912 4475 1123 4540 constitutione,
1203 4493 1272 4534 num
1295 4473 1437 4544 clausura,
1456 4495 1489 4534 rc
1510 4473 1545 4534 de
1572 4473 1722 4536 domorum
1739 4465 1851 4552 cunjun-

483 4599 519 4642 ec
540 4581 695 4656 mortiet
722 4577 756 4640 dc
784 4575 1007 4638 amitinum
1026 4565 1132 4654 virgi:
1197 4575 1289 4644 dione
1306 4576 1431 4642 diximus
1451 4575 1517 4638 vor.
1529 4577 1550 4636 l.
1568 4593 1629 4652 pag.
1650 4585 1712 4648 με.
