4028 5492
406 487 1325 572 Auuorreroutttvsreuerentes.
1452 487 1525 583 265

169 605 307 684 domus
331 609 493 702 eiusdem
523 621 695 714 placuerit
722 616 866 722 abipso
890 593 1332 716 Novitio‘proicssioncm
1355 617 1501 714 recipiat
1523 635 1579 692 rc·
1610 673 1618 698 1

169 737 376 832 gularetn,
409 763 458 832 ,nc
491 741 581 816 dum
614 766 718 821 extra
751 771 794 821 ea
827 743 980 824 claustra
1015 742 1112 842 septa
1138 771 1200 844 per
1227 731 1308 827 ioca
1334 739 1471 822 diversa
1499 721 1577 836 per-⁶

168 878 304 952 gentes
331 864 540 942 relabantur
568 871 607 944 in
636 874 858 965 memoriam
896 875 934 948 δι
967 865 1186 946 desiderium
1215 887 1381 950 veterum
1409 871 1577 964 volupta-

166 1000 289 1059 tum.
327 985 438 1086 Qrod
465 993 490 1070 fi
518 993 601 1072 casu
629 999 755 1098 aliquo
785 1024 863 1074 non
901 994 1013 1095 poffet
1049 995 1145 1074 idem
1175 991 1381 1090 Prepofitus
1407 994 1579 1096 antcire,

167 1112 345 1186 volumus
370 1140 433 1212 per
459 1116 574 1214 ipsum
604 1123 770 1198 mandari
798 1122 916 1199 Priori
951 1117 1112 1213 ciusdem
1145 1115 1335 1212 Ecclcsre,
1370 1137 1413 1196 ιιι
1441 1113 1577 1216 profes·

170 1233 323 1312 iio'ncm
351 1243 497 1338 recipiat
523 1244 597 1320 vice
625 1242 711 1324 sua.
735 1245 799 1324 De
826 1244 987 1322 infirmis
1007 1265 1130 1321 autern
1155 1243 1201 1316 ad
1221 1240 1502 1320 couversionem
1525 1261 1581 1314 rc·

165 1363 347 1460 cipiendis
376 1361 592 1459 statuimus,
618 1371 655 1444 &
678 1373 894 1467 precipimus
920 1369 1134 1461 observarc3
1161 1393 1245 1452 curn
1271 1367 1399 1463 aliquis
1423 1365 1460 1438 in
1483 1362 1579 1460 egri.

166 1487 301 1564 tudine
324 1483 544 1562 constitutus
569 1491 614 1566 ad
640 1489 825 1568 Ordinem
862 1491 979 1590 ipsum
1015 1497 1054 1568 in
1082 1497 1203 1595 aliqua
1232 1487 1477 1570 Ecclefiarum
1508 1509 1575 1584 pro

167 1610 302 1686 anime
329 1609 390 1685 sue
417 1607 530 1688 salute
555 1619 721 1694 converti
751 1620 941 1708 voluerit,
972 1616 1079 1693 Prior
1099 1613 1141 1696 bt
1168 1615 1388 1694 Conventus
1413 1615 1574 1708 eiusdem

168 1731 337 1810 Ecclcfic
363 1733 437 1812 boc
462 1735 655 1816 notificent
677 1792 700 1840 ,ι
723 1765 833 1842 quarn
860 1743 965 1816 citius
993 1745 1217 1838 potuerint,
1254 1737 1442 1838 Prepofiro
1469 1761 1574 1815 ante·

166 1861 306 1948 dieto;
339 1863 377 1938 bt
414 1857 459 1934 ab
493 1886 539 1938 eo
573 1861 676 1960 snper
710 1863 919 1960 receptione
954 1863 1063 1964 ipiius
1090 1861 1229 1939 infirmi
1258 1882 1354 1960 petat
1382 1863 1602 1936 licentiam*

168 1979 369 2062 humiliter
396 1991 432 2062 &
457 1985 614 2079 devote,
639 2013 752 2089 quum
779 1989 951 2064 volumus
975 1985 1042 2062 effe
1063 1987 1251 2078 dandam,
1279 2008 1325 2058 ne
1352 1987 1575 2082 impediatur

167 2110 402 2212 proposrtttm
416 2111 592 2188 divinitus
606 2111 844 2206 inspiratum:
866 2113 1032 2212 alioquin
1050 2136 1137 2186 curn
1160 2113 1314 2206 recipere
1332 2109 1436 2184 liceat
1451 2105 1575 2186 Priori

168 2239 210 2316 δι
241 2235 460 2312 Conventui
491 2234 726 2334 supradietis.
765 2239 803 2316 Si
833 2260 920 2314 vero
952 2239 998 2311 de
1032 2233 1140 2332 ipfius
1169 2233 1307 2312 infirmi
1336 2237 1427 2314 rdeo
1454 2256 1579 2314 morte

175 2361 300 2438 subita
328 2356 561 2456 probabiliter
589 2360 812 2453 timeretur,
847 2360 947 2460 quod
981 2381 1058 2434 tam
1094 2357 1200 2458 ipsrus
1228 2362 1418 2438 interitum
1446 2365 1581 2456 (ira),

173 2509 291 2586 quarn
327 2483 478 2560 licentia
513 2481 685 2582 postulari
724 2487 923 2584 nequiret,
960 2489 1018 2564 vel
1051 2486 1165 2561 etiarn
1199 2487 1412 2584 expestrri,
1443 2486 1580 2563 eisdem

178 2607 304 2687 Priori
329 2609 367 2687 bt
392 2607 608 2685 Conventui
635 2610 680 2684 de
708 2609 784 2704 ipso
809 2611 1018 2706 recipiendo
1045 2612 1084 2686 in
1107 2613 1180 2690 hoc
1203 2609 1284 2688 casu
1307 2613 1494 2687 licentiam
1520 2613 1579 2689 in·

171 2735 401 2832 duigcmus,
429 2736 667 2834 precipientes
691 2734 754 2810 sub
777 2737 901 2810 debito
922 2737 1152 2829 obedientie,
1187 2758 1226 2814 ut
1248 2741 1288 2812 iu
1309 2733 1475 2815 fraudem
1498 2761 1577 2834 pre·

173 2863 271 2940 diue
300 2863 446 2938 licentic
474 2855 687 2955 postulande
716 2861 808 2934 nulli
837 2862 1055 2955 pretendant
1083 2861 1258 2936 timorem
1286 2861 1487 2955 interitus,
1513 2860 1577 2936 ubi

180 3013 267 3064 non
298 2985 339 3061 fit
366 2983 600 3084 probabiliter
623 2982 891 3060 dubitandum.
916 2979 1028 3082 Quod
1050 2981 1076 3058 sr
1097 2981 1305 3081 Preposttus
1327 2986 1419 3059 vdeo
1441 2985 1478 3060 in
1503 3007 1583 3082 par·

178 3113 282 3193 tibus
309 3111 459 3188 remotis
484 3106 682 3200 existeret,
717 3111 816 3207 quod
850 3111 888 3184 in
926 3108 1023 3185 brevi
1053 3134 1131 3184 nou
1161 3107 1273 3206 poffet
1298 3105 1506 3198 huiusmodi
1534 3109 1579 3183 li·

176 3241 306 3318 centia
334 3235 539 3334 postulari,
571 3227 733 3310 &casus
763 3233 893 3306 mortis
919 3233 1142 3322 incumbat,
1175 3233 1279 3307 liccat
1306 3233 1434 3307 eidem¹
1454 3227 1576 3306 Priori

42 3347 44 3350 Ι
181 3375 219 3448 &
245 3365 461 3444 Conventui
486 3347 642 3458 recipere
665 3359 856 3438 infirmum
877 3356 1059 3432 eundem.
1089 3354 1152 3433 De
1167 3355 1237 3430 hiis
1252 3377 1364 3451 vero,
1384 3381 1453 3456 que
1468 3352 1579 3430 alicui

176 3487 432 3572 Ecciefiarum
460 3485 615 3582 ipsarum
644 3488 842 3584 legantur,
868 3484 924 3556 vei
953 3475 1185 3572 offeruntur,
1212 3483 1269 3554 vel
1296 3481 1340 3555 ad
1366 3503 1426 3554 eas
1452 3481 1578 3577 aliquo

175 3622 295 3698 titulo
318 3613 563 3712 perveniunt,
591 3635 819 3712 preterquam
842 3613 886 3686 de
907 3605 1118 3683 mercaturis
1141 3605 1325 3680 consuetis
1351 3609 1430 3700 (7),
1457 3605 1582 3681 ssatui·

175 3769 266 3825 mus
289 3748 326 3823 bt
348 3740 597 3834 precipimus,
623 3759 662 3811 ur
687 3760 730 3811 ca
751 3737 881 3810 omnia
901 3734 1100 3810 deveniant
1122 3735 1159 3808 &
1181 3731 1309 3815 cedant
1330 3733 1369 3806 in
1393 3733 1582 3826 proprium

180 3869 295 3968 ipsius
320 3861 502 3955 Ecctefie,
528 3865 565 3940 u
591 3857 699 3936 usum
726 3857 892 3932 Fratrum
920 3863 957 3934 dt
983 3857 1165 3932 Sororum
1191 3857 1517 3940 commorantium,
1538 3859 1580 3934 in

191 3989 356 4068 eisdem.
384 3987 498 4084 Super
527 3985 634 4056 beris
666 3981 1021 4076 provenientibus&
1045 3976 1227 4054 consuetis
1242 3979 1279 4053 bt
1296 3976 1459 4054 honestis
1485 4002 1586 4053 nter.

186 4114 357 4206 catoris,
391 4109 439 4186 fic
466 4107 696 4208 providentes
722 4107 914 4184 statuimus
939 4103 1240 4198 observandum,
1272 4124 1314 4182 ut
1348 4129 1411 4206 per
1437 4103 1581 4182 Fratres

239 4247 343 4316 Tum.
368 4239 415 4312 tt.
870 4231 903 4310 L
929 4235 941 4308 i
1450 4215 1453 4222 ¹
1485 4231 1532 4306 td

186 4444 227 4520 (7)
247 4441 295 4500 De
314 4438 349 4496 iis
367 4431 489 4497 seilicet,
506 4447 565 4504 quar
583 4429 646 4491 iaus
664 4433 811 4510 pannisque
831 4433 873 4494 is·
946 4435 1000 4502 {pig
1019 4435 1090 4502 vop,
1108 4435 1133 4500 1,
1142 4431 1216 4499 Dis,
1226 4431 1267 4496 v,

225 4539 333 4605 uude
361 4529 578 4600 exurebantur,
606 4528 640 4590 de
668 4531 766 4604 quibua
783 4535 875 4598 sermo
1338 4533 1341 4540 ·
