4020 5490
480 533 556 627 36⁶
700 511 1584 610 Huirrtrrrorunltsorrnunrrrr·

432 679 521 732 cum
546 652 654 758 super
676 650 781 732 diuo
798 653 1019 753 gravamine
1048 643 1137 734 esset
1160 655 1299 734 diutius
1334 659 1588 750 altercatum,
1624 641 1670 724 ad
1696 643 1840 721 tollen·

433 783 528 861 dum
549 773 634 858 ran'r
657 807 729 882 pro
752 783 924 883 praesentl
958 808 1081 898 quarn
1100 807 1169 885 pro
1176 782 1325 864 suturis
1350 783 1607 902 temporibus,
1641 779 1741 855 inter
1768 785 1840 848 vos

434 915 476 990 dr
496 929 565 986 eos
584 901 693 1010 super
718 907 902 1008 praemissu
924 933 1087 989 omnem
1112 913 1309 990 materiam
1331 893 1619 1014 questionum,
1656 885 1844 978 delibera

438 1037 561 1114 rinus
594 1055 661 1136 per
682 1027 999 1111 uenerabilem
986 1061 1030 1113 ιιι
1057 1035 1217 1116 Christo
1249 1035 1402 1116 Patrem
1424 1033 1650 1133 Episcopum
1677 1021 1848 1105 Vioenti·

431 1180 561 1252 nrm,
581 1158 632 1234 de
654 1159 833 1258 prandistis
857 1157 1132 1241 facultatibus
1118 1165 1257 1266 rnquirr
1247 1160 1402 1240 l'acete
1422 1148 1658 1258 diligenter,
1682 1173 1730 1232 ut
1756 1147 1857 1228 redi·

440 1307 553 1366 tuum
575 1279 801 1375 sucrrltatunr
824 1287 985 1388 ipsarum
1014 1283 1168 1368 obtenta
1196 1285 1528 1388 noritia,qualiter
1545 1281 1635 1362 esset
1655 1277 1850 1376 htriusnro'·

438 1417 481 1498 di
506 1417 649 1516 taxatio
670 1408 946 1496 &distributio
968 1405 1163 1514 socienda,
1185 1419 1236 1497 de
1260 1417 1410 1518 liquidis
1441 1429 1631 1516 appareret
1656 1413 1740 1511 (4)
1778 1409 1852 1486 Ve-

443 1571 529 1624 rum
564 1543 831 1625 Procuratores
868 1546 980 1645 panis
1015 1549 1164 1625 alterius
1196 1543 1485 1647 inquisitionem
1521 1547 1564 1622 dt
1592 1535 1852 1617 discusllooem

443 1673 698 1774 praelinatum
721 1671 942 1751 facultatum
966 1677 1007 1752 dr
1032 1673 1222 1751 redituum
1248 1673 1510 1769 declinantes,
1541 1685 1586 1746 a‘c
1610 1665 1702 1768 saepe
1728 1665 1853 1764 saepius
1881 1671 1886 1682 '

442 1797 636 1900 exquisitis
659 1795 897 1894 subterfugiis
921 1799 963 1872 in
989 1801 1253 1896 appellationes
1276 1795 1429 1875 frivolas
1447 1811 1756 1896 prorumpentes,
1776 1789 1854 1872 sere
1884 1855 1891 1868 .

446 1949 514 2028 per
536 1944 686 2002 annum
708 1919 894 2000 obstacula
919 1923 1188 2020 praestiterunt,
1212 1919 1258 2000 ¹ut
1282 1907 1451 2024 praedidia
1472 1907 1670 2014 discessio,
1685 1941 1772 2020 quae
1790 1941 1858 2018 po·

448 2048 568 2130 ruisset
601 2071 668 2148 per
699 2033 884 2126 cumdem
912 2043 1176 2146 Episcopum,
1208 2051 1272 2126 rel
1308 2051 1426 2128 aliurn
1460 2047 1588 2126 vicunt
1605 2035 1612 2078 ⁵
1625 2035 1856 2148 providum,

449 2175 583 2258 Deurn
608 2172 813 2252 habentem
837 2197 912 2274 pru
938 2177 1055 2254 oculis
1077 2172 1178 2252 insta
1204 2176 1341 2254 modici
1363 2175 1545 2275 temporis
1564 2173 1725 2274 spatium
1742 2198 1854 2275 expe·
1927 2259 1932 2270 ,

450 2305 561 2400 diri,
597 2325 680 2380 non
707 2297 839 2398 absque
865 2323 1010 2397 magno
1035 2297 1155 2377 restro
1180 2300 1380 2400 prejudicio
1416 2303 1645 2380 tardaretur.
1678 2300 1856 2380 Demunr

452 2455 569 2524 vero,
593 2453 680 2507 cunr
706 2425 868 2518 ejusdem
891 2428 1007 2526 partis
1037 2429 1273 2526 exceptiones
1297 2430 1550 2508 declinatoriae
1570 2453 1652 2508 non
1669 2427 1857 2534 cessarent,

454 2554 516 2634 sed
543 2551 683 2652 semper
709 2549 936 2650 resurgerent
961 2551 1156 2646 rediviva,
1181 2557 1218 2632 dr
1244 2575 1433 2650 appareret
1459 2573 1607 2656 aperte,
1629 2575 1698 2634 vos
1719 2559 1761 2635 in
1785 2557 1854 2634 hac

449 2693 558 2783 'parte
582 2677 801 2776 gravamina
826 2674 1025 2773 sustinere,
1050 2701 1120 2754 nos
1144 2677 1309 2776 pluribus
1332 2678 1458 2758 vestris
1480 2681 1705 2760 clamoribus
1730 2687 1769 2763 dr
1793 2683 1853 2760 in·

457 2807 601 2886 llantiis
624 2801 799 2896 excitati,
822 2823 910 2878 cum
935 2823 1084 2900 propter
1104 2801 1269 2894 ejusdem
1294 2807 1405 2900 partis
1435 2790 1676 2884 resistentiam
1701 2809 1863 2886 mitten·

458 2935 498 3013 di
524 2925 721 3033 personam
748 2929 910 3029 aliquam
935 2929 982 3002 ad
1007 2925 1265 3007 discussionem
1290 2927 1503 3020 hujusmodi
1531 2930 1741 3012 faciendam
1766 2931 1859 3011 senr-

462 3080 528 3157 per
554 3055 730 3132 hedenus
754 3050 907 3130 facultas
929 3047 1043 3129 suerit
1067 3051 1276 3150 denegata,
1298 3073 1376 3130 tarn
1404 3079 1473 3156 pro
1497 3061 1665 3157 prasenti
1690 3081 1860 3158 ternpore

463 3209 578 3288 quarn
616 3179 743 3258 futuro
766 3176 893 3256 restris
923 3175 1214 3276 opprctl'ronibus
1247 3205 1438 3260 occurrere
1473 3187 1694 3282 cupientes,
1727 3209 1861 3265 omnes

431 3383 442 3396 a
467 3309 670 3391 sententias
694 3305 1131 3401 excommunicationis,
1168 3303 1440 3405 suspensionis,
1473 3311 1511 3388 dt
1536 3313 1750 3410 interdidi,
1785 3335 1864 3392 tam

467 3465 533 3542 per
556 3435 733 3514 eumdem
758 3431 818 3509 Fr.
844 3427 1060 3529 loannem,
1083 3455 1196 3532 quant
1223 3455 1287 3530 per
1310 3435 1562 3538 quoscumque
1589 3439 1708 3533 alios,
1734 3441 1774 3516 in
1802 3463 1866 3516 ros

464 3569 505 3644 δι
532 3559 703 3661 personas
731 3557 791 3636 seu
816 3559 898 3635 loca
921 3545 1162 3660 quaecrimque
1184 3553 1338 3635 Ordinis
1363 3555 1496 3656 rellri,
1521 3565 1710 3644 occasione
1736 3572 1861 3669 praedi·

467 3691 525 3770 ἂι
553 3687 745 3808 prolatas,
784 3683 993 3759 litterarum
1020 3681 1226 3761 nollrarurn
1253 3679 1378 3761 sorrna
1405 3687 1616 3767 nullatenus
1647 3689 1860 3792 observata,

474 3817 713 3910 crudentate,
736 3835 810 3913 qua
835 3807 1061 3909 fungimur,
1084 3809 1386 3904 decernimus,
1376 3835 1456 3886 rmo
1482 3813 1601 3891 verius
1634 3816 1861 3955 declaramus

1740 3971 1792 4020 lsl'
1794 3973 1821 4022 l

338 4161 346 4176 ·
470 4111 514 4187 (ι)
535 4109 887 4178 Lssfflffllsicentiwm
904 4103 1154 4179 Episcoprrndarn
1225 4105 1310 4166 video
1326 4107 1502 4180 quaestione
1519 4106 1670 4182 Neapoleo
1690 4108 1738 4169 lric
1762 4125 1868 4186 narret,

515 4211 598 4286 supra
611 4208 793 4282 protulimus.
822 4207 942 4268 viderur
961 4219 1054 4262 tamen
1070 4221 1156 4279 exag·
1228 4205 1408 4266 Vleenrinuro
1426 4206 1591 4282 Episcopum
1612 4214 1672 4280 [ere
1692 4229 1744 4278 per
1769 4233 1868 4274 anam

514 4307 658 4383 geratione
673 4305 765 4380 aliqua
784 4307 836 4364 lruc
852 4307 916 4364 loco
938 4303 1001 4364 usus
1020 4305 1154 4378 [egatus.
1229 4303 1403 4380 problblrurn
1423 4303 1520 4376 suilla,
1540 4325 1574 4365 ne
1590 4305 1752 4381 impositum
1770 4328 1868 4374 munus

513 4405 589 4466 Curn
608 4403 686 4462 enirn
712 4403 815 4462 Lirem
835 4401 870 4462 ad
892 4401 1074 4464 Viceutinurn
1092 4403 1159 4476 Epi·
1230 4415 1433 4475 exequeretura
1461 4401 1514 4462 ulfi
1540 4401 1612 4463 sorte
1631 4423 1710 4466 error
1726 4413 1826 4488 aliquis
1842 4415 1871 4474 in

440 4575 443 4582 μ
512 4503 625 4578 scopam
642 4501 714 4564 xri.
731 4503 821 4562 Mart.
844 4501 899 4562 lroc
921 4501 980 4576 ipso
1004 4523 1079 4566 anno
1096 4500 1157 4566 frie-
1221 4503 1387 4576 ¹alterutrius
1402 4503 1576 4567 monumenti
1593 4517 1675 4566 notas
1689 4509 1847 4584 inepsoir.

511 4603 570 4665 tint
582 4601 674 4676 dns,
703 4600 745 4660 ιιι
770 4615 839 4664 reru
856 4599 984 4687 XXXl.
1006 4603 1082 4678 Jul,
1104 4621 1162 4665 rtorr
