4008 5494
482 528 556 601 292
711 511 1159 588 Hurrttranortuu
1199 505 1559 586 Mouuuctm
1622 513 1629 522 '

323 729 326 734 Δ
436 634 495 708 nis
524 633 631 711 nobis
657 661 841 736 exponere
867 657 1125 729 curaverunt,
1162 635 1371 735 quodlicet
1408 628 1469 710 sel'.
1496 657 1564 710 rec.
1591 629 1843 709 Innocentius

434 781 525 856 papa
554 761 782 854 prodecessor
809 763 956 856 noster,
982 763 1126 839 duxerit
1152 761 1412 855 statuendum,
1436 777 1476 836 ut
1502 784 1565 857 per
1591 783 1721 834 omues
1739 755 1842 850 ejus-

431 885 520 958 dem
542 881 696 962 Ordinis
721 885 854 962 domos
880 890 917 963 dt
941 883 1116 960 Ecclesras
1143 909 1241 962 unus
1267 885 1399 980 modus
1424 884 1597 960 cantandi
1624 887 1661 962 dt
1683 881 1844 980 psallen-

431 1011 469 1086 di
495 1009 624 1087 debeat
652 1009 854 1107 observari,
882 1033 1009 1090 tamen
1038 1012 1188 1113 quidam
1216 1009 1358 1087 Fratres
1384 1008 1543 1098 ejusdem
1566 1008 1729 1105 Ordinis¹
1749 1008 1836 1086 Me-

434 1135 659 1214 diolancnfis
684 1137 842 1213 civitatis
868 1143 906 1216 dt
931 1137 1106 1230 diocefis,
1131 1135 1438 1214 consuetudinem
1459 1131 1837 1212 MediolaneustrEc·

432 1257 546 1335 clefiae
577 1261 717 1353 modo,
742 1261 803 1356 qui
831 1259 1044 1336 observatur
1070 1263 1111 1336 in
1138 1261 1322 1337 cantando
1348 1263 1385 1336 ὅ(
1413 1257 1600 1354 psallendo
1637 1259 1678 1334 iu
1709 1261 1836 1356 ptaedi-

434 1387 492 1462 ἂο
520 1383 687 1477 Ordine,
712 1389 935 1463 contrariam
964 1389 1178 1483 imitantes,
1204 1387 1381 1464 statutum
1406 1381 1617 1476 hujusmodi
1661 1409 1740 1462 non
1766 1387 1834 1464 ob·

426 1507 582 1586 *servant
609 1513 684 1602 (r).
725 1509 907 1586 Volentes
934 1513 1056 1611 itaque
1083 1531 1124 1588 ut
1151 1511 1357 1606 praedictum
1384 1508 1566 1586 statutum.
1587 1507 1742 1588 fiumitcr
1768 1512 1835 1589 ob·

435 1635 620 1726 servetur,
648 1632 859 1715 discretioni
888 1657 959 1716 tuae
987 1665 1048 1736 per
1070 1637 1280 1736 Apostolica
1307 1641 1432 1736 scripta
1459 1639 1712 1735 mandamus,
1746 1667 1836 1742 quc·

429 1779 570 1854 tenus,
598 1761 624 1836 sr
651 1763 704 1838 cst
728 1765 802 1855 ita,
831 1765 1016 1860 praedlnos
1044 1764 1182 1838 Fratres
1208 1763 1422 1840 carumdem
1446 1759 1618 1840 Civitatis
1645 1790 1686 1842 ac
1712 1765 1834 1846 dioce-

433 1883 515 1977 fis,
555 1905 594 1961 ut
623 1883 1033 1984 praedidumllatutum
1060 1883 1287 1980 observent,
1324 1885 1592 1993 consuetudine
1619 1886 1832 1978 hujusmodi

436 2035 516 2086 non
546 2009 737 2103 obstante,
765 2011 976 2086 monitione
1004 2008 1205 2107 praemissa,
1233 2010 1510 2109 percensuram
1532 2010 1833 2108 Ecclesiasticam,

436 2137 684 2233 appellatione
711 2155 880 2228 remota,
906 2139 1125 2233 compellas.
1164 2130 1255 2210 Dat.
1281 2132 1437 2210 Viterbii
1463 2134 1723 2216 decimotertio
1750 2136 1829 2218 Cal.

424 2259 529 2362 .Jun.
557 2259 798 2337 pontificatus
826 2253 938 2330 noiiri
967 2281 1072 2334 auno
1099 2279 1254 2356 quarto.

435 2487 476 2557 (ι)
496 2485 568 2560 Qua
591 2482 625 2540 td
652 2479 847 2542 Ambrostmos
874 2482 942 2539 ritus
960 2482 995 2540 ab
1015 2485 1115 2541 Humi-
1189 2481 1337 2550 Discllt.
1358 2501 1432 2544 uum.
1452 2485 1523 2548 ΧΠ.

484 2583 559 2642 liaris
571 2579 704 2656 susceptos
713 2581 850 2652 pertinent
859 2618 868 2649 ,
888 2577 1009 2641 vidimus
1020 2579 1091 2642 vot
1102 2581 1126 2640 l.

937 2747 1329 2816 mmmmm

489 2903 800 3008 Confirmatio
825 2907 1074 3007 Alexandri
1109 2943 1184 3042 pp.
1213 2907 1487 3010 Collationis
1512 2917 1780 3027 innocentii

537 3061 858 3204 predecessoris
880 3069 946 3170 sui
972 3069 1091 3169 fatie
1113 3071 1328 3171 fratribus
1349 3073 1404 3172 de
1426 3079 1737 3218 Contegunga

590 3225 848 3330 deecclesia
871 3227 952 3326 SS.
975 3228 1185 3330 Faustini
1215 3227 1272 3330 &
1290 3235 1446 3362 Jorite
1470 3241 1674 3344 Brixiem

649 3484 724 3541 ¹²5⁸·
749 3495 772 3540 3·
791 3469 854 3543 Jun.
874 3467 921 3529 Ex
937 3467 1040 3531 Tabui.
1057 3470 1087 3532 8.
1102 3469 1224 3534 Barthol.
1241 3472 1275 3533 de
1294 3473 1475 3555 Contegnaga
1493 3483 1617 3551 Brixitu.

382 3709 387 3722 ·
428 3705 432 3714 ,
589 3661 787 3741 Lexandet
811 3657 996 3756 episcopus
1022 3656 1142 3736 servus
1169 3658 1356 3738 servorum
1383 3662 1442 3740 dei
1469 3669 1607 3749 dilectis
1634 3675 1720 3753 liliis
1748 3736 1758 3758 .
1782 3731 1826 3757 ..

435 3663 578 3986 Α
617 3791 792 3892 Magistro
818 3795 854 3870 dt
880 3788 1052 3866 fratribus
1077 3792 1210 3867 domus
1235 3791 1457 3890 Sansiornm
1481 3799 1641 3876 Faullini
1668 3809 1705 3881 δι
1727 3805 1825 3904 iovi·

616 3939 650 3994 te
673 3919 837 3996 Brixien.
859 3915 1004 3992 secundi
1028 3918 1171 3992 ordinis
1192 3917 1479 4000 humiliatorum
1505 3925 1659 4006 salutem
1685 3935 1722 4009 dt
1743 3957 1825 4032 apo·

429 4037 592 4116 stolicam
622 4041 940 4120 benedisiionem.
977 4041 1078 4119 Cum
1106 4065 1127 4116 a
1153 4041 1259 4117 nobis
1288 4047 1452 4143 petitur,
1490 4054 1590 4148 quod
1619 4055 1752 4133 iulium
1777 4060 1823 4137 etl

425 4173 464 4246 dt
488 4167 794 4244 lroueslumtam
823 4168 927 4264 vigor
950 4167 1118 4262 equitatis
1152 4191 1263 4265 qnam
1289 4171 1383 4244 ordo
1417 4174 1532 4270 exigit
1559 4177 1749 4275 tationis,
1785 4196 1823 4257 ut

424 4294 467 4367 'id
496 4317 560 4388 per
578 4283 862 4365 sollicitudiuem
881 4283 994 4362 officii
1013 4287 1125 4363 nollti
1148 4290 1192 4364 ad
1215 4287 1380 4366 debitum
1403 4297 1618 4390 perducatur
1639 4301 1823 4402 essedum.

424 4417 524 4498 Sanc
551 4416 639 4492 stent
660 4411 790 4512 petitio
817 4407 933 4485 teslta
959 4409 1067 4485 uobis
1092 4410 1255 4488 exhibita
1282 4418 1496 4496 continebat
1522 4419 1634 4500 felicis
1661 4429 1822 4506 recorda·

431 4545 546 4625 tionis
571 4536 814 4622 Innocentius
840 4557 931 4634 papa
956 4533 1176 4632 predecessor
1203 4535 1328 4616 noller
1363 4542 1457 4620 olim
1484 4545 1699 4644 intellecto,
1724 4553 1821 4653 quod

811 4703 814 4710 ¹
1670 4703 1773 4777 prtor
