3990 5490
410 520 1323 617 Ancorarromanatransnatat.
1450 555 1526 635 τις

177 637 302 736 aiom,
328 646 368 724 ἀ
394 652 655 748 guilielmum,
681 659 720 740 dc
747 677 891 756 petrum
906 713 919 754 ,
943 662 982 740 dc
1009 663 1282 756 melioratum,
1312 657 1572 757 diiambum,

172 771 444 876 lltOttottcm²
478 781 775 877 &Martinam
809 791 848 870 dl
875 787 1098 868 albertinum
1127 813 1261 868 omnes
1292 785 1423 870 fratrer
1443 791 1487 868 dt
1510 809 1571 864 ca·

170 901 329 980 nonicos
354 905 455 984 illios
480 907 674 990 Canonice
705 937 861 994 nomme
889 913 1479 1009 illiusCanooice,Nominative
1518 913 1565 992 de

164 1025 263 1120 petia
301 1051 381 1106 ona
420 1052 512 1113 terre
545 1030 695 1124 iacentia
731 1033 821 1127 iusta
857 1036 973 1142 ipsam
1009 1039 1244 1121 Canonicam
1272 1039 1324 1116 in
1353 1037 1564 1136 parroechia

160 1147 285 1232 Sancti
300 1150 488 1260 Johannic
511 1157 617 1260 supra
643 1181 821 1258 murum,
849 1167 909 1244 cui
935 1168 1087 1246 coheret
1112 1167 1158 1244 ad
1183 1167 1411 1262 supertototn
1438 1189 1559 1244 ama.

157 1299 209 1352 ne
235 1281 273 1360 dt
297 1305 319 1358 a
344 1283 500 1362 meridie
525 1287 563 1364 dc
596 1311 618 1366 a
645 1280 724 1364 sero
750 1289 851 1366 illinc
874 1290 1086 1384 canonice,
1123 1315 1143 1366 a
1170 1306 1300 1372 monte
1327 1288 1486 1387 protaxii
1512 1290 1560 1370 de

156 1405 361 1510 precariis,
387 1411 427 1487 dt
452 1407 606 1488 illorum
640 1413 687 1490 de
716 1410 990 1508 Machaonio,
1022 1417 1061 1496 dc
1085 1413 1221 1493 domus
1245 1437 1316 1515 que
1340 1410 1413 1493 fuit
1439 1440 1561 1516 quon.

150 1533 240 1614 dam
265 1535 453 1616 amizonis
477 1535 525 1616 de
548 1533 716 1618 casciano
739 1545 779 1624 dc
804 1541 984 1620 heredum
1009 1540 1204 1646 quondam
1230 1539 1400 1620 beltrami
1427 1541 1472 1618 de
1490 1565 1555 1640 ga·

150 1661 362 1758 regniaco,
386 1657 475 1739 stcut
498 1657 682 1744 diffinitur
707 1689 772 1766 per
799 1691 924 1748 cruces
946 1663 1056 1748 falas
1088 1666 1129 1742 in
1158 1689 1272 1744 muro
1296 1665 1428 1742 altiore
1457 1667 1559 1742 illiue

149 1777 335 1864 canonice
358 1787 495 1864 domus
518 1813 566 1870 ex
591 1810 693 1892 parte
717 1792 911 1886 meridiei,
930 1796 968 1873 dt
991 1813 1078 1870 cum
1104 1788 1214 1868 omni
1239 1785 1306 1866 suo
1330 1789 1409 1882 jore
1436 1786 1551 1898 aecci}¹

147 1911 269 1992 fiandi
292 1911 406 2016 usque
431 1919 471 1998 in
498 1922 651 2020 platea,
684 1943 756 2021 qne
781 1921 829 1996 ibi
856 1920 906 1998 eli
934 1923 1033 2000 inter
1056 1919 1193 1996 domos
1216 1913 1333 1994 feneti
1356 1915 1490 2012 tobei,
1513 1922 1552 1998 dt

146 2037 331 2134 guilielmi
358 2045 397 2121 dt
423 2042 559 2141 pagani
584 2037 740 2118 fratrum
764 2044 827 2144 qui
847 2042 1019 2120 dicuntur
1044 2041 1262 2120 maximntti
1282 2039 1330 2118 de
1349 2039 1550 2122 samarate.

141 2157 207 2240 Eo
233 2183 369 2243 tenore
389 2167 492 2267 quod
516 2165 740 2265 suprascripti
765 2163 972 2264 prepolitua
996 2167 1036 2243 dt
1052 2161 1183 2242 fratres
1205 2187 1291 2242 cum
1318 2161 1392 2242 fuir
1415 2166 1554 2244 succ&

139 2285 287 2368 fotibus
311 2289 446 2365 habere
469 2291 510 2368 dt
535 2299 663 2368 tenere
685 2289 844 2368 debeam
871 2289 1068 2389 predistatn
1095 2293 1232 2391 petiam
1259 2313 1353 2376 tetre
1374 2318 1395 2369 a
1415 2291 1548 2370 kalen-

141 2415 201 2492 dis
227 2413 358 2492 Martii
384 2411 629 2516 &usquead
655 2441 779 2493 annos
803 2415 1003 2496 duodecim
1037 2417 1231 2516 proximos
1261 2418 1421 2494 nomine
1445 2418 1550 2496 illitae

135 2541 348 2634 canonice,
373 2541 412 2620 dt
437 2539 556 2620 facere
581 2541 716 2619 exinde
742 2542 901 2618 nomine
924 2539 1115 2621 massaricii
1139 2542 1311 2645 quicquid
1338 2543 1543 2641 voluerint,

131 2667 174 2746 dt
198 2667 254 2744 eia
278 2667 373 2744 utile
395 2661 505 2744 fiterlt
530 2665 689 2742 nomine
715 2665 818 2742 illitae
840 2668 1047 2762 canonice,
1085 2667 1163 2746 fine
1187 2668 1338 2747 lexione
1361 2669 1457 2748 didle
1481 2693 1540 2768 pe·

139 2794 191 2871 tie
215 2814 338 2888 terre,
362 2795 409 2872 ad
435 2791 513 2870 hoe
534 2813 576 2872 nt
603 2793 697 2892 apttd
722 2791 858 2868 didiam
883 2792 1103 2870 canonicam
1132 2817 1213 2868 oon
1240 2792 1450 2890 peioraue,
1473 2795 1549 2874 sed·

136 2901 384 3012 melioretur,
409 2943 479 2994 nec
500 2913 706 3015 diffigetttr,
731 2915 791 2992 sed
817 2911 1022 3012 infigetur,
1061 2912 1161 2990 bona
1186 2913 1280 2991 lide.
1317 2915 1366 2994 Et
1392 2921 1438 2996 de
1463 2947 1540 3020 qua

136 3045 231 3146 petia
258 3061 355 3121 tetre
378 3043 463 3120 diiii
486 3041 635 3133 jacobus
665 3044 704 3120 dt
729 3040 882 3118 ubertus
915 3037 1068 3116 confeffi
1104 3036 1254 3120 fuerunt
1292 3041 1539 3144 suprascriptis

136 3167 324 3272 prepolito
349 3171 387 3246 ot
412 3164 584 3242 fratribus
610 3167 768 3242 nomine
794 3165 893 3242 illius
916 3169 1096 3242 canonice
1133 3167 1230 3244 bene
1253 3164 1323 3244 effe
1349 3169 1457 3246 soloti
1487 3172 1534 3247 ad

134 3297 328 3396 cognitum
354 3293 560 3370 solidorum
584 3291 857 3391 vigintinovem
885 3291 1120 3367 tertiolorum
1148 3290 1187 3365 in
1212 3315 1338 3369 anno.
1365 3293 1532 3374 Remota

132 3425 351 3521 exceptione
379 3443 459 3495 non
488 3421 743 3497 numerate&
769 3435 911 3512 accepte
937 3415 1157 3504 solutionisa
1191 3421 1229 3496 de
1253 3443 1326 3518 que
1351 3437 1445 3498 terra
1471 3423 1526 3501 di.

131 3549 176 3625 dli
202 3546 354 3640 jacobus
376 3549 416 3624 dc
438 3545 588 3623 ubertus
613 3544 764 3621 interim
789 3543 922 3620 debent
948 3539 1144 3620 destndere
1163 3545 1201 3622 dt
1223 3565 1440 3640 guareotare
1462 3549 1528 3628 eis·

130 3670 215 3751 dem
241 3671 432 3778 prepolito
456 3674 495 3750 dt
518 3665 690 3747 fratribus
716 3668 873 3746 nomine
906 3667 1006 3742 illius
1036 3669 1215 3745 canonice
1251 3674 1431 3752 omnibus
1453 3677 1527 3758 suia

129 3791 298 3902 erpenfie
321 3805 359 3881 dc
384 3801 534 3880 damnis
562 3797 639 3874 fine
663 3797 807 3874 damno
832 3790 1086 3890 &dispendio
1110 3796 1212 3870 illios
1236 3801 1451 3896 canonice,
1488 3811 1527 3888 δι

130 3929 282 4008 suorum
311 3925 546 4005 soccetlorom
569 3926 638 4001 dcc.
664 3923 844 3998 Mittimus
862 3917 1061 4017 sequentia,
1086 3920 1169 4016 qaod
1191 3913 1234 3996 o
1256 3924 1346 3998 nihil
1366 3953 1531 4006 montora-

130 4061 194 4138 lile
211 4056 402 4146 contineat,
426 4049 470 4132 δ
496 4055 607 4130 malta
632 4049 739 4125 etiarn
760 4042 926 4133 veredam
948 4040 1076 4137 comosa
1095 4040 1177 4135 sunt
1190 4097 1208 4117 ..
1242 4047 1375 4122 Aiittm
1398 4050 1436 4124 in
1456 4051 1533 4148 ipsa

128 4185 347 4264 Canonica:
375 4202 441 4278 pro
467 4167 617 4253 notario
640 4175 755 4250 distas
780 4171 931 4249 ubertus
956 4171 1003 4246 de
1025 4171 1176 4269 dairago
1196 4167 1323 4249 affuit.
1349 4171 1530 4252 Intetsue·

129 4331 217 4390 rant
246 4309 296 4385 ibi
324 4303 429 4384 testes
453 4301 497 4384 ft.
521 4303 637 4400 guido
662 4300 762 4378 filios
784 4298 975 4400 qnondam
1002 4295 1160 4398 guifredi
1186 4303 1369 4399 porcelli,
1403 4307 1440 4382 ἀ
1469 4305 1525 4400 gi.

130 4435 255 4512 tardos
283 4431 382 4508 fitius
408 4428 604 4531 quondam·
624 4417 743 4502 uberti
768 4427 813 4500 de
839 4475 1003 4512 .....
1033 4423 1078 4498 de
1105 4425 1315 4520 gallurae,
1348 4435 1384 4508 dl
1410 4427 1524 4507 frater

126 4557 328 4638 ambrosius
347 4553 450 4634 ‘filius
475 4552 668 4654 quondam
694 4549 847 4629 anselmi
873 4545 984 4648 grossi
1011 4571 1144 4626 omnes
1168 4549 1213 4625 de
1239 4572 1345 4650 porta
1375 4559 1522 4630 verceli-

126 4709 181 4766 na
200 4685 283 4769 noti
308 4679 630 4762 contrahentem.
1392 4675 1477 4780 Ego
