3978 5484
516 535 587 613 128
711 523 1184 621 sltunrtrrrortnn
1223 541 1577 626 Mouuuaura

578 791 796 893 Innocentis
831 808 899 896 sss.
937 811 1066 895 litere
1100 811 1151 894 ud
1185 809 1389 917 Ministros
1423 809 1545 897 tertii
1580 807 1742 892 Ordinis

983 969 1329 1057 Humisiutorum.
1499 949 1506 991 ³

894 1217 939 1275 Ex
958 1211 1089 1276 Bibliotln
1110 1211 1199 1275 Bratd.
1221 1231 1297 1273 not.
1320 1235 1343 1281 7.
1363 1214 1428 1288 Jun.

522 1413 756 1494 Nnocentius
789 1415 985 1518 Episcopus
1021 1421 1152 1496 Seruus
1182 1419 1380 1496 Servorum
1412 1411 1489 1488 Dei
1523 1412 1657 1487 diteuis
1685 1410 1780 1488 siliis
1803 1408 1851 1486 G.

466 1416 512 1648 l
545 1544 592 1618 de
614 1525 717 1638 posta
738 1549 931 1642 origentali
955 1552 1033 1638 (r),
1060 1543 1105 1618 C.
1134 1541 1345 1618 Modecien.
1373 1541 1420 1616 A.
1446 1533 1608 1613 Cumani.
1628 1537 1679 1614 N.
1704 1539 1854 1637 Papieti.

458 1697 463 1706 ·
528 1663 613 1737 -·G.·
638 1663 797 1739 Brixiet’t.
836 1664 867 1738 1.
906 1663 1119 1759 Bergameti.
1157 1659 1188 1736 Ι.
1222 1661 1363 1738 Placen.
1403 1663 1433 1738 1.
1472 1664 1638 1742 Lauden.
1677 1665 1727 1742 tt.
1765 1663 1854 1740 Cre·

461 1792 616 1862 moneri.
651 1789 797 1888 aliisque
834 1787 1009 1864 ministris
1034 1787 1204 1877 ejusdem
1242 1790 1414 1882 ordinis,
1448 1815 1647 1892 eorumque
1682 1787 1853 1866 fratribus

452 1915 497 1986 'dt
538 1909 719 1986 sororibus
757 1903 912 2004 salutem
948 1917 984 1988 dt
1022 1911 1256 2009 apostolicam
1295 1911 1624 1990 benedictionem.
1665 1911 1854 1990 Incumbit

450 2034 567 2110 'nobis
591 2060 637 2112 ex
663 2037 773 2112 officii
806 2036 929 2112 debito
959 2034 1204 2134 pastoralis&
1232 2040 1396 2134 plantare
1423 2036 1559 2116 sacram
1594 2037 1854 2134 religionem,

458 2167 496 2239 dt
523 2159 649 2238 fovere
673 2169 875 2261 plantatam
899 2217 911 2254 ,
936 2167 970 2240 dt
1011 2183 1194 2260 quantum
1220 2163 1260 2238 in
1288 2164 1394 2238 nobis
1423 2161 1475 2238 esi
1500 2159 1691 2238 universos·
1713 2163 1751 2238 dt
1779 2159 1853 2235 sin·

453 2291 570 2385 lgulos
598 2291 636 2363 in
665 2291 726 2385 pio
761 2289 949 2388 proposito
985 2287 1236 2380 confirmare,
1277 2313 1324 2364 ne
1359 2287 1386 2363 st
1417 2285 1543 2366 favore
1574 2285 1712 2364 suerint
1750 2289 1852 2386 Apo·

456 2410 588 2484 llolico
611 2409 770 2485 destituti
799 2435 879 2484 non
906 2407 1129 2505 proficiant,
1162 2409 1222 2482 sed
1256 2407 1428 2484 deficiant
1463 2414 1619 2505 potius,
1653 2417 1689 2490 ἃ
1726 2415 1782 2492 vel
1807 2413 1849 2490 ad

457 2537 643 2610 vomitum
683 2536 866 2626 redeant,
905 2539 961 2610 vel
1002 2537 1040 2608 in
1079 2533 1182 2608 bono
1221 2549 1326 2626 cepto
1365 2533 1579 2630 tepescant.
1620 2532 1732 2615 Unde
1766 2564 1847 2614 cum

450 2657 612 2755 'velitum
643 2659 747 2734 nobis
773 2655 892 2736 fuisset
919 2655 1149 2754 propositum
1178 2654 1449 2751 presentatum,
1476 2659 1568 2736 illud
1590 2682 1720 2736 corant
1749 2661 1848 2738 nobis

454 2785 686 2864 &fratribus
716 2781 843 2858 nostris
870 2781 1001 2879 perlegi
1028 2777 1180 2855 fecimus
1205 2782 1424 2878 diligenter,
1451 2785 1488 2859 dt
1513 2783 1681 2858 corredis
1709 2781 1845 2882 quibus·

412 2995 414 2998 ,
454 2911 540 2984 dam
569 2911 659 2985 illud
686 2911 725 2982 in
761 2906 927 2982 savorem
965 2902 1119 2979 vestrum
1157 2905 1361 2978 curavimus
1398 2904 1629 3001 approbare,
1668 2911 1769 3006 quod
1799 2909 1844 2986 ad

453 3034 635 3136 majorem
662 3033 841 3108 cautelam
866 3031 911 3106 de
938 3027 1048 3103 verbo
1075 3027 1120 3101 ad
1147 3023 1295 3102 verbum
1333 3023 1485 3122 presenti
1515 3030 1645 3126 pagine
1671 3031 1838 3110 duximus

455 3158 716 3237 inserendum.
750 3147 990 3248 Proposuistis
1017 3149 1266 3226 humilitatem
1294 3149 1436 3241 cordis,
1460 3153 1498 3228 &
1525 3152 1840 3234 maustretudinem

453 3290 492 3362 in
523 3282 687 3360 moribus
712 3279 907 3367 adjuvante
932 3276 1091 3351 domino
1113 3271 1312 3361 cusiodirc3
1330 3273 1437 3381 'unde
1456 3275 1632 3354 dominus
1654 3281 1695 3356 in
1719 3279 1837 3356 Euan·

453 3412 573 3510 gello:
600 3405 725 3482 discite
749 3426 770 3476 a
797 3425 857 3477 me
882 3454 894 3491 ,
924 3397 1008 3497 quia
1037 3397 1137 3471 mitis
1163 3394 1241 3471 sum
1269 3397 1306 3472 dt
1333 3393 1485 3472 humilis
1510 3399 1650 3495 corde,
1677 3406 1715 3479 dt
1741 3403 1839 3478 inre·

453 3533 562 3610 nietis
599 3531 762 3628 requiem
799 3518 991 3600 animabus
1030 3515 1180 3594 vestris:
1214 3515 1477 3596 obedientiam
1514 3549 1658 3624 quoque
1698 3525 1835 3621 prelatis

451 3653 597 3729 ecclesie
625 3652 787 3727 servare:
815 3644 911 3722 unde
939 3639 1162 3736 Apostolus:
1192 3641 1336 3717 obedite
1363 3643 1547 3742 prepositis
1573 3647 1694 3724 teslris
1720 3655 1756 3728 &
1782 3649 1832 3726 su·

450 3779 586 3868 bjacete
611 3776 695 3864 eis;
729 3770 793 3871 ipsr
826 3771 927 3846 enim
964 3767 1188 3864 pervigilant
1221 3765 1320 3864 quast
1356 3771 1538 3846 tationem
1573 3773 1744 3851 reddituri
1771 3797 1833 3872 pro

449 3903 641 3982 animabus
670 3893 809 3978 restris.
848 3891 941 3968 Non
976 3883 1026 3966 est
1058 3891 1161 3967 enim
1197 3915 1282 3968 vera
1316 3891 1530 3990 humilitas,
1566 3921 1678 3995 quam
1712 3921 1825 3976 comes

566 4121 569 4129 J
1707 4027 1786 4102 obe·

455 4152 1831 4208 ...Α-...Μ

446 4281 487 4357 (ι)
505 4277 602 4339 Guido
622 4273 658 4333 de
675 4285 754 4344 porta
772 4258 912 4326 Orientali
940 4259 1124 4334 hledeligrra·
1197 4260 1362 4329 antemium
1382 4261 1417 4322 ab
1442 4283 1486 4323 an.
1506 4267 1621 4330 mccl.
1640 4272 1753 4332 tertium
1773 4273 1830 4340 llo.

482 4395 543 4445 tur,
569 4373 675 4443 dequo
693 4367 798 4438 egimus
817 4359 883 4419 Vol.
904 4359 1067 4420 tntum.
1089 4362 1167 4418 li.
1199 4361 1506 4428 miliatorutnotdiuem
1525 4369 1607 4443 louge
1634 4372 1739 4480 lateque
1754 4371 1829 4434 diffe-

480 4475 511 4535 δι
530 4473 582 4531 vt.
601 4466 677 4526 Aliis
703 4477 794 4520 autem
825 4457 914 4515 literis
928 4459 1054 4516 aliarum
1075 4457 1125 4516 do·
1195 4454 1370 4520 santuine.

481 4589 590 4635 morum
616 4557 742 4624 Ministrl
768 4553 951 4614 indicantur.
982 4552 1116 4614 Videmus
1168 4604 1171 4616 ,
