4028 5492
431 541 1341 630 A·nnortnroutnustntusrnnnn.
1473 551 1548 640 269

186 663 291 760 quod
311 662 542 745 Venerabilis
563 671 687 748 Frater
710 671 922 749 nollet...,
951 674 1253 775 Archieplscopus
1276 673 1484 750 Mediolon.
1509 696 1591 770 pru·

186 787 320 865 denter
339 793 558 887 nttendens,
585 795 684 894 quod
707 792 975 874 Monasterium
999 798 1231 876 Monialium
1258 799 1303 874 de
1325 795 1495 876 Rubono
1519 792 1589 872 suae

160 911 361 994 -Dtncens
381 939 472 996 tune
487 919 642 996 Ordinis
666 921 705 998 S.
724 919 907 998 Benediut
935 929 989 1014 (t)
1011 943 1156 1022 propter
1176 925 1357 1000 malitiam
1373 919 1587 1020 degentium

176 1040 222 1118 in
247 1046 379 1118 eodem
405 1068 481 1122 erat
510 1049 604 1126 adeo
636 1048 675 1121 in
715 1047 958 1148 spiritualibus
992 1055 1029 1128 dt
1064 1051 1325 1145 temporalibus
1351 1046 1587 1125 desolatum,
1635 1079 1640 1088 ·

176 1169 281 1267 quod
304 1173 405 1246 nulla
426 1149 511 1266 spes'
524 1173 776 1274 remanserat,
798 1176 897 1273 quod
919 1153 1031 1270 pollet
1052 1175 1092 1246 in
1116 1173 1180 1248 suo
1197 1173 1340 1249 Ordine
1362 1168 1582 1264 reformari,

164 1291 300 1390 ‚ipsunt
326 1299 371 1370 de
399 1296 537 1374 assensu
563 1300 728 1397 Capituli
754 1298 806 1374 sui
829 1353 841 1392 ,
868 1305 905 1378 u
931 1299 1159 1377 Moniallum
1187 1299 1419 1377 existentium
1448 1299 1486 1370 in
1512 1323 1577 1372 eo-

173 1416 263 1494 dem
293 1439 371 1496 tam
407 1423 448 1495 in
481 1421 724 1524 spiritualibus
759 1448 870 1523 quam
906 1425 946 1498 in
984 1425 1245 1522 temporalibus
1273 1421 1374 1502 vobis
1402 1441 1577 1520 perpetuo

152 1543 320 1619 'duxerit
348 1542 676 1644 submittendum,
709 1548 812 1626 vobis
839 1549 1088 1624 nihilominus
1113 1549 1350 1641 concedens,
1378 1550 1485 1623 utin
1512 1571 1576 1624 eo·

148 1661 261 1776 Jdem
288 1667 520 1744 Monallerio
543 1669 650 1746 Ordo
678 1671 790 1748 vester
827 1697 888 1768 per
913 1673 1046 1748 Sedens
1074 1670 1326 1770 Apostolicam
1352 1670 1571 1768 approbatus

157 1795 354 1894 ¹perpetuis
381 1785 606 1896 temporibus
632 1794 874 1890 observetur,
915 1823 955 1872 ac
981 1800 1101 1874 eidem
1134 1797 1366 1874 Monasterio
1392 1819 1454 1894 per
1478 1797 1576 1874 Ptae·

143 1915 312 2016 ‘posrtos
338 1922 421 1998 dien
446 1919 599 1998 Ordinis
625 1920 778 2016 fingulls
804 1925 913 1998 annis
939 1924 1172 2001 Vifitationis
1191 1929 1228 2002 ὅ(
1252 1924 1489 2001 οοττεᾶἰοηίε
1515 1909 1574 2000 of·

165 2041 296 2121 ficium
320 2049 552 2143 impendatur
574 2049 674 2137 iuxta
697 2049 851 2144 ptaedisii
873 2045 1024 2123 Ordinis
1043 2049 1234 2137 instituta,
1261 2048 1447 2123 reservatis
1471 2049 1569 2126 diuo

147 2151 494 2270 'Archiepiscopo,
534 2173 675 2270 suisque
711 2167 974 2246 Succettortbus
1013 2177 1050 2249 bt
1086 2171 1255 2248 Ecclesrae
1280 2172 1570 2254 'Mediolanenst

45 2331 48 2340 ⁷
160 2295 343 2370 omnibus
369 2295 530 2388 juribus,
558 2319 637 2393 quae
664 2297 763 2390 ptius
789 2297 829 2371 in
856 2295 953 2370 diuo
980 2293 1211 2372 Monallerio
1236 2296 1455 2376 obtinebant
1477 2325 1488 2390 ;
1515 2301 1568 2378 ita

139 2415 264 2514 'quod
292 2415 450 2514 ptaesatis
476 2416 707 2494 Monialibus
739 2419 785 2493 de
816 2417 927 2493 bonis
958 2416 1120 2508 eiusdem
1153 2413 1371 2497 Mooasletii
1396 2423 1437 2498 in
1465 2425 1562 2502 sidu

156 2549 195 2622 dt
224 2543 356 2622 vestitu
383 2545 531 2646 aliisque
558 2545 785 2637 necessariis,
812 2571 875 2622 ros
897 2546 1026 2620 tandiu
1049 2547 1237 2642 providere
1258 2547 1413 2641 curetis,
1437 2550 1561 2626 donec

141 2668 222 2772 'per
249 2669 577 2772 Archiepiscopum
605 2673 748 2771 ipsum,
771 2675 811 2748 bt
836 2669 1054 2746 Sttccellores
1079 2665 1288 2758 ejus'erunt
1315 2673 1559 2772 ineliqttibus

147 2795 389 2875 Monalleriis
416 2797 469 2874 sui
493 2794 649 2874 Ordinis
675 2799 884 2887 collocat'ae,
911 2815 1019 2890 prout
1046 2794 1085 2867 in
1112 2796 1224 2869 literis
1252 2797 1337 2872 inde
1363 2797 1543 2878 confertis

148 2925 301 3023 plenius
326 2923 458 2998 dicitur
482 2923 696 2998 contineri.
735 2919 817 2996 Nos
852 2921 972 3018 itaque
1000 2919 1119 2994 vestris
1146 2920 1469 3017 supplicationibus
1495 2929 1549 3002 in.

131 3051 301 3143 ¹clinati,
327 3047 426 3147 qnod
453 3070 512 3145 pet
539 3045 712 3119 eumdem
744 3027 1064 3138 Archiepiseopum
1091 3045 1240 3141 provide
1266 3039 1401 3120 saurim
1428 3045 1478 3124 est
1506 3051 1547 3125 in

144 3175 218 3250 hac
250 3192 350 3270 parte
379 3193 505 3278 ratum,
528 3170 707 3246 habentes
741 3171 992 3263 &·gratum,
1027 3170 1062 3242 id
1098 3169 1308 3244 undositate
1336 3171 1550 3270 Apostolice

143 3295 479 3378 confirmamus&
507 3295 696 3390 ptaesentis
726 3294 854 3388 Seripti
883 3291 1087 3388 patrocinio
1111 3296 1411 3370 communimus.
1439 3298 1546 3376 Nulli

143 3449 233 3525 ergo
259 3424 423 3498 omnino
444 3420 648 3494 hominum
670 3417 776 3492 licent
797 3416 895 3490 itanc
907 3418 1080 3512 paginam
1104 3415 1233 3494 nolltae
1249 3418 1547 3500 confirmationis

141 3549 380 3644 infringere,
400 3546 455 3619 vel
476 3547 509 3618 ei
533 3537 621 3617 ausu
643 3543 841 3617 temeratio
860 3541 1063 3614 contraire.
1090 3541 1127 3616 Si
1152 3544 1233 3640 quis
1256 3533 1378 3618 liutem
1400 3545 1476 3620 hoo
1492 3565 1547 3622 at·

136 3693 289 3751 tentare
311 3668 597 3771 presumpserit,
619 3667 918 3760 indignationem
931 3665 1218 3762 Omnipotentis
1233 3667 1333 3764 Dei,
1355 3673 1540 3772 &Beato-
1659 3656 1663 3675 ’

136 3827 222 3877 tum
242 3797 338 3876 Petri
353 3799 389 3873 &
406 3795 507 3868 Pauli
523 3790 788 3888 Apostolorum
803 3789 877 3879 ejus
899 3789 933 3865 se
950 3794 1090 3867 noverit
1107 3791 1362 3870 incursurum.
1390 3797 1539 3878 Datum

131 3923 316 4005 Laterani
339 3919 402 3995 lv.
425 3919 555 3995 Nonas
576 3915 702 3992 Martii
726 3915 965 3993 Pontificatus
990 3914 1101 3992 nostri
1123 3941 1226 3992 anno
1247 3917 1431 3999 secundo.

1417 4053 1525 4132 Pri-⁴·

150 4173 1537 4210 mann-W

134 4293 175 4370 (r)
205 4291 254 4352 De
281 4275 499 4346 {tumulatorum
529 4277 611 4346 domo
640 4279 675 4344 de
704 4277 818 4343 Robusto
890 4277 1055 4342 billonianis'
1073 4279 1226 4343 Annslibus
1243 4285 1367 4344 mentio.
1394 4287 1537 4348 Mediola-

143 4387 144 4394 ’
170 4381 340 4448 v.tt01.t.
362 4397 411 4456 pag
431 4381 490 4453 ιη’
512 4375 542 4440 bt
562 4378 621 4450 ἐφ’.
639 4379 728 4443 nnn
748 4381 813 4442 Mo·
888 4375 976 4440 uenis
1001 4393 1069 4438 reto
1091 4378 1332 4457 Arcbiepiscnpns,
1359 4391 1406 4462 qut
1429 4391 1529 4452 Mun.

169 4489 284 4548 asterii
312 4483 442 4552 huiusce,
468 4477 546 4553 quod
574 4481 609 4538 sd
631 4472 814 4544 s‘nenedtttt
887 4481 1000 4540 lienium
1018 4479 1075 4538 bor
1094 4479 1259 4545 annulatis
1275 4487 1460 4563 comessum,
1476 4509 1537 4560 u

167 4583 305 4650 ordine·
316 4578 613 4660 pertundendum
631 4579 816 4642 ustulans·
889 4577 952 4642 Leo
968 4577 1004 4640 de
1024 4579 1143 4654 perego·
