4028 5492
489 471 566 560 276
705 447 1169 546 Huurtrnrnrruu
1207 461 1595 564 Mouuuerrrr'

440 592 481 664 ὑ(
505 589 692 684 protestati
720 593 873 671 fuerunt
898 593 1000 694 quod
1025 589 1137 668 scater
1164 590 1333 666 ernaldus
1358 589 1404 670 de
1422 591 1641 681 marliano,
1665 589 1703 664 dc
1725 581 1838 662 frater

439 713 586 804 incubus
611 721 818 815 inignem,
851 724 888 797 dt
915 717 1025 808 irater
1051 718 1235 810 johannes
1262 719 1459 812 xaiguinus
1492 711 1621 790 fratrer
1648 711 1838 790 humiliati

437 833 591 916 fuerunt
618 843 806 920 constituti
834 843 928 920 milli
957 847 1112 939 nuntii,
1146 845 1317 941 syndici,
1351 849 1387 922 u
1412 841 1688 940 procuratores,
1712 845 1749 919 u
1774 841 1835 916 so-

437 965 636 1058 lempniter
671 992 733 1062 per
757 965 852 1066 ipsos
886 968 1012 1046 fratres
1051 975 1088 1048 dc
1114 969 1269 1044 sorores‘
1294 965 1451 1042 nomine
1487 968 1756 1061 illiue·domus
1787 965 1835 1040 de

436 1090 596 1186 planella
623 1093 789 1170 deintus
814 1096 860 1170 ad
882 1097 1115 1172 vendendam
1141 1099 1275 1192 petiam
1297 1112 1422 1174 unam·
1437 1116 1555 1189 terre,
1573 1118 1646 1195 que
1667 1093 1720 1170 est
1738 1118 1831 1168 cam-

436 1239 533 1312 pus,
555 1214 738 1306 jacentem
766 1221 806 1294 in
833 1222 1021 1296 territorio
1048 1223 1119 1296 loci
1146 1221 1191 1296 de
1218 1225 1408 1318 vigiznlo,
1428 1248 1498 1323 que
1525 1221 1575 1298 est
1597 1223 1730 1318 pertice
1749 1245 1838 1320 qua·

439 1343 644 1417 tuordecim
671 1349 707 1420 dc
737 1347 880 1442 media,
908 1351 945 1424 dc
969 1372 1038 1446 que
1065 1345 1153 1437 jacet
1182 1348 1230 1422 ibi
1260 1349 1320 1422 ubi
1348 1350 1481 1422 dicitur
1505 1349 1545 1422 in
1567 1347 1753 1438 domeda,
1777 1347 1837 1424 cui

439 1464 536 1542 estu
566 1493 677 1544 mane
702 1466 880 1555 iohannis
906 1469 1012 1564 gralli
1039 1475 1076 1546 dc
1103 1468 1291 1560 filiorum3
1317 1495 1338 1546 a
1364 1471 1572 1547 meridie&
1595 1495 1614 1544 a
1636 1467 1835 1544 serostmi·

437 1595 518 1669 liter
542 1619 553 1683 3
589 1617 608 1666 a
638 1615 766 1694 munte
796 1595 879 1687 via,
908 1621 973 1692 pro
1001 1595 1165 1670 sanando
1190 1595 1316 1670 debito
1344 1593 1407 1690 ipfi
1432 1593 1562 1672 domui
1590 1595 1830 1687 imminenti,

436 1719 535 1817 quod
561 1713 729 1794 debitum
759 1715 822 1811 ipsr
850 1717 977 1792 fratres
1004 1722 1041 1794 δι
1067 1717 1207 1792 sorores
1233 1719 1407 1794 dixerunt
1434 1717 1503 1794 else
1529 1719 1706 1794 librarum
1734 1715 1832 1794 sexa·
1874 1765 1878 1774 ·

438 1843 678 1940 gimaseptem
703 1843 964 1932 tertiolorum,
991 1839 1091 1915 fratri
1120 1831 1416 1918 addree‘domus
1438 1843 1744 1934 humiliatorum,
1760 1867 1831 1942 que

438 1969 568 2042 dicitur
594 1969 726 2044 domus
753 1965 872 2040 fratris
900 1967 1021 2040 ottarii
1050 1986 1153 2060 porte
1174 1949 1372 2040 vercelline·
1395 1968 1584 2064 recipienti
1615 1967 1772 2040 nomine
1793 1969 1831 2042 &

441 2093 485 2170 ed
511 2111 650 2188 partem
678 2095 715 2169 dc
742 2093 939 2168 utilitatem
976 2115 1041 2188 pro
1068 2111 1144 2164 rata
1171 2091 1347 2166 librarum
1374 2094 1681 2194 vigintiquatuor
1704 2095 1828 2168 tertio·

393 2233 400 2242 ‘
437 2218 563 2293 lorum
580 2217 778 2317 ,quaeipsa
805 2215 936 2292 domuc
964 2215 1120 2310 planelle
1147 2215 1192 2288 de
1220 2216 1320 2292 intus
1345 2215 1412 2312 ipit
1436 2219 1565 2292 domui
1593 2215 1713 2294 fratris
1739 2237 1831 2294 otta·

436 2347 477 2420 tii
504 2345 588 2418 dare
617 2343 839 2417 tenebantur
868 2366 932 2436 pro
961 2341 1076 2434 pretio
1103 2341 1212 2430 lane,
1238 2362 1279 2414 ut
1309 2340 1373 2437 ipsi
1400 2341 1525 2420 fratres
1549 2349 1589 2430 dt
1614 2341 1756 2420 sorores
1775 2347 1831 2423 di·

438 2491 574 2546 xerunt
601 2472 639 2544 dr
666 2464 848 2562 protestati
876 2461 1049 2538 suerunt.
1075 2461 1124 2552 Er
1154 2467 1308 2538 nomine
1336 2473 1373 2544 dt
1401 2471 1611 2567 edmarum
1636 2476 1674 2552 u
1699 2475 1831 2554 utilita-

438 2615 515 2672 tem
541 2593 742 2691 domorum
780 2591 1098 2664 &conventuum
1136 2588 1181 2664 de
1220 2592 1377 2686 planella
1414 2594 1460 2668 de
1497 2591 1588 2670 foris
1625 2601 1662 2674 dc
1694 2599 1836 2676 domun

438 2739 535 2806 nove
563 2716 608 2792 de
633 2739 767 2813 compo
794 2713 958 2792 rotundo
986 2710 1092 2809 ipsius
1119 2711 1221 2812 burgi
1262 2738 1328 2810 pro
1369 2735 1447 2794 rata
1473 2721 1647 2796 librarum
1677 2726 1829 2821 triginta

437 2842 544 2918 unius
572 2840 808 2916 tertiolorum
836 2891 847 2931 ,
885 2861 973 2938 quas
1000 2834 1118 2914 frater.
1133 2835 1278 2926 jacobos
1305 2842 1478 2937 mignorn
1507 2847 1671 2923 minister
1696 2853 1837 2932 domur

436 2967 480 3042 de
508 2969 670 3064 planella
695 2967 741 3040 de
767 2959 886 3054 foris,
909 2967 949 3038 dc
976 2959 1048 3058 ipsa
1072 2964 1206 3037 domus
1230 2968 1266 3040 dr
1294 2961 1404 3042 frater
1429 2968 1613 3058 johannes
1639 2976 1831 3074 raiguinus

438 3091 766 3170 minister-domus
795 3111 890 3162 nove
915 3088 960 3180 de
986 3111 1118 3185 campo
1145 3093 1335 3187 rotundo,
1367 3099 1406 3172 dt
1432 3095 1506 3194 ipse
1531 3099 1666 3172 domus
1693 3098 1832 3190 fidejus,

439 3213 539 3303 ¹sorio
562 3219 610 3292 dc.
629 3213 830 3290 renditorio
855 3209 1039 3286 debitorio
1065 3212 1222 3287 nornine
1258 3239 1325 3312 pro
1350 3213 1424 3311 ipse
1450 3219 1568 3294 domo
1601 3224 1646 3296 de
1674 3228 1831 3320 planella,

441 3341 523 3418 de
513 3363 613 3418 tutus
639 3342 722 3416 dare
748 3335 966 3412 tenebantur
991 3337 1031 3412 δι
1058 3355 1231 3412 tenentur
1256 3337 1317 3416 seu
1345 3339 1485 3420 solvere
1511 3345 1680 3427 anselmo
1704 3352 1750 3429 de
1775 3357 1828 3430 vi·

435 3469 520 3544 eina
546 3491 591 3544 ex
615 3464 719 3542 censa
745 3467 903 3555 mutui,
940 3479 982 3536 ut
1009 3459 1101 3601 ipfi
1100 3457 1289 3542 fratres&
1317 3463 1458 3545 sorores
1484 3473 1654 3550 dixerunt
1680 3481 1717 3554 dc
1746 3503 1830 3576 pro·

434 3589 551 3669 testati
578 3587 750 3666 fuerunt
776 3582 864 3663 Et'
855 3603 944 3660 rtem
970 3556 1126 3662 nornine
1150 3590 1190 3664 δι
1216 3587 1260 3661 ed
1288 3610 1426 3685 partem
1451 3597 1490 3677 ὅ(
1515 3599 1713 3684 utilitatem
1734 3606 1829 3684 dille

433 3713 570 3790 domur
596 3713 640 3790 dc
668 3713 829 3810 planella
854 3711 899 3786 de
925 3707 1013 3787 soris
1038 3735 1106 3810 pro
1134 3731 1211 3786 ruta
1238 3713 1414 3794 librarum
1436 3720 1631 3801 duodecim
1658 3731 1827 3808 tertiolo·

430 3863 542 3933 rum,
566 3861 654 3939 quas
680 3836 786 3912 libras
811 3837 1006 3911 duodecim
1031 3833 1104 3930 ipsa
1127 3835 1264 3912 domus
1288 3839 1333 3913 de
1359 3842 1516 3938 planella
1541 3845 1587 3924 de
1608 3843 1709 3928 intus
1736 3855 1821 3931 dere

415 3943 626 4052 ¹tenebatur
652 3960 717 4062 iplt
740 3962 873 4038 domui
899 3961 944 4035 de
971 3960 1130 4057 planella
1156 3960 1202 4035 de
1235 3957 1328 4038 foris
1354 3945 1486 4060 panim
1518 3993 1566 4046 ex
1600 3973 1707 4050 causa
1746 4004 1825 4055 mu.

428 4099 509 4190 rui,
534 4099 573 4172 dt
603 4089 734 4186 pcrtirn
761 4107 828 4183 pro
854 4106 901 4157 eo
927 4083 1026 4182 quod
1051 4079 1125 4178 ipse
1151 4078 1264 4158 frater
1289 4083 1435 4174 jacobus
1460 4094 1637 4188 mignore
1662 4121 1729 4172 eos
1756 4123 1821 4194 pro

432 4211 508 4324 ipsc
534 4219 651 4294 domu
674 4211 720 4286 de
747 4207 906 4304 planella
932 4199 1099 4280 deintus
1125 4202 1234 4306 soluit
1262 4211 1411 4302 rugerio
1438 4213 1620 4308 pillizario
1642 4241 1746 4316 porte
1765 4244 1827 4296 cn.
1877 4263 1879 4272 «

435 4367 582 4434 mene,
617 4339 676 4412 cui
702 4335 764 4410 illa
789 4332 923 4408 domus
948 4331 993 4406 de
1019 4332 1175 4425 planella
1207 4330 1253 4406 de
1287 4333 1389 4408 intus
1424 4336 1510 4411 illos
1536 4342 1707 4420 denarios
1739 4349 1825 4428 dere

434 4467 588 4551 debebit
614 4465 651 4543 u
677 4456 869 4542 tenebatur
904 4477 953 4536 etc
982 4452 1088 4534 causa
1122 4455 1280 4548 mutui,
1317 4473 1356 4531 ut
1382 4455 1446 4554 ipsr
1473 4456 1600 4540 fratres
1624 4471 1662 4547 dc
1689 4469 1828 4552 sorores
1885 4551 1893 4566 ,

1676 4596 1780 4678 dixe·
