3978 5484
395 536 1307 623 Auuorrarottrausrnnosrnuca.
1433 557 1508 638 157

156 661 259 742 nibus
284 667 521 766 aggravetis,
562 691 631 746 nec
658 670 853 768 patiamini
883 666 929 743 ab
955 669 1035 745 aliis
1062 673 1287 769 aggravari,
1325 681 1369 746 ut
1407 691 1454 744 ex
1480 666 1557 748 hoc

19 893 20 904 ἶ
152 794 321 868 cumulus
347 793 450 868 vobis
474 814 621 872 acernae
650 795 904 874 retributionis
933 796 1132 888 accrescat,
1159 801 1197 874 bc
1215 815 1285 872 nos
1309 795 1555 873 devotionem

19 913 20 928 ¹
156 914 308 1002 vestram
344 916 517 1017 possamus
550 921 693 1002 utiliter
728 920 1017 1001 commendare.
1057 917 1149 996 Da't.
1178 917 1358 998 Laterani
1396 918 1562 1002 secundo

151 1043 258 1130 Non.
282 1046 377 1128 Dec.
404 1045 649 1138 Pontificatus
674 1047 787 1134 nostri
813 1073 919 1133 auno
942 1046 1275 1154 decimoseptimo.

521 1281 799 1456 Admonirio
834 1295 890 1394 ad
925 1294 1189 1399 Ordinem.¹

616 1540 641 1594 l.
660 1531 731 1596 Dee.
753 1547 829 1602 rare.
848 1529 893 1590 Ex
911 1527 983 1588 llibl.
1001 1524 1095 1590 Βῐιῖδ,
1523 1433 1556 1480 Ἴ

204 1689 443 1772 Nnocentius
468 1691 667 1796 Episcopus
692 1695 826 1774 Servus
852 1695 1054 1772 Servorum
1080 1689 1157 1770 Dei
1194 1685 1332 1767 dilellis
1365 1681 1450 1764 filiis
1476 1685 1550 1768 bus

232 1819 385 1931 miliatis
410 1845 471 1918 per
499 1819 762 1902 Lombardiam
792 1813 830 1896 io
858 1818 929 1902 fide
949 1821 1148 1900 Catholica
1173 1823 1212 1900 ἃ
1236 1817 1437 1898 devotione
1459 1839 1548 1913 apo·

176 1929 180 1938 ¹
230 1940 357 2023 slolica
380 1947 589 2024 constitutis
612 1943 1069 2044 salutem&apostolicrm
1090 1945 1411 2054 benedislionem.
1437 1937 1552 2038 Qrod

144 2065 370 2168 abrogantes
397 2074 625 2171 impietatem
651 2077 688 2150 ἃ
715 2071 886 2149 secularia
909 2071 1113 2164 desideria,
1141 2066 1283 2162 sobrie,
1308 2067 1400 2159 juste
1427 2092 1469 2145 ac
1490 2067 1552 2166 pic

142 2195 269 2273 vivere
296 2195 461 2294 satagitis
487 2200 526 2270 in
554 2197 629 2270 hoe
655 2197 825 2286 mundo,
846 2193 953 2269 nobis
979 2196 1025 2270 ad
1047 2193 1252 2290 gaudium,
1279 2193 1381 2269 vobis
1403 2193 1448 2268 ad
1471 2214 1551 2272 me·

137 2321 285 2412 ritum,
311 2324 348 2396 br
377 2321 460 2394 aliis
488 2319 658 2418 provenit
686 2319 731 2394 ad
756 2317 992 2414 exemplum.
1024 2315 1231 2394 Monemus
1257 2318 1370 2420 igitur
1396 2318 1550 2393 univer·

138 2441 292 2522 fitatem
320 2421 474 2518 vostram
503 2443 542 2516 in
568 2437 744 2516 Domino
770 2445 806 2518 br
836 2441 1056 2534 hortamur,
1082 2459 1263 2541 quatenus
1287 2443 1547 2538 attendentes,

142 2569 247 2670 quod
276 2593 356 2644 oon
383 2567 525 2644 habetis
553 2567 616 2644 hic
642 2585 860 2644 manentem
886 2569 1110 2662 civitatem,
1144 2565 1205 2646 sed
1230 2565 1394 2648 suturam
1421 2571 1545 2673 inqui·

143 2699 250 2792 ritis,
274 2721 360 2775 cum
389 2699 525 2778 timore
551 2723 593 2776 ac
618 2716 780 2774 tremore
806 2698 990 2774 incolatus
1015 2697 1120 2776 vestri
1156 2718 1323 2800 tempore
1350 2697 1548 2813 studeatis,

143 2820 234 2900 ficut
261 2825 298 2900 bt
324 2817 468 2916 facitis,
493 2820 733 2918 conversari,
768 2846 851 2900 cam
879 2847 989 2922 quam
1018 2821 1100 2898 ellis
1125 2827 1373 2924 appellatione
1401 2826 1547 2922 sortiti,

141 2947 373 3056 exhibitione
399 2969 583 3042 operum,
610 2944 732 3020 immo
758 2971 795 3024 te
824 2945 897 3043 ipsa
924 2947 1176 3024 humilitatem
1201 2947 1398 3042 sesiantes,
1423 2967 1465 3026 ut
1486 2975 1545 3030 re-

142 3073 352 3178 quiescente
379 3068 484 3174 super
510 3093 576 3146 ros
600 3067 740 3168 Spiritu
768 3057 1003 3171 naamani
1032 3071 1135 3170 super
1161 3072 1373 3150 mansuetos
1407 3077 1446 3150 bt
1474 3073 1549 3149 hu.

143 3201 252 3278 miles
279 3195 497 3296 requiescit,
521 3189 634 3270 securi
662 3192 847 3291 experiare
875 3193 1012 3291 poffrtis
1037 3195 1179 3272 beatam
1201 3196 1327 3294 spem,
1351 3201 1389 3276 bc
1410 3201 1547 3274 aduen-

141 3339 225 3401 tum
254 3321 373 3419 glorie
400 3321 529 3414 magui
558 3317 669 3411 Dei,
707 3315 752 3395 ab
777 3343 823 3394 eo
849 3341 1030 3398 coronam
1070 3317 1406 3399 immarcescibilem
1428 3341 1545 3399 'rete-

143 3451 265 3553 pturi.
300 3445 395 3524 Dar.
415 3441 589 3518 Laterani
624 3441 728 3526 sexto
753 3443 809 3524 ld.
835 3443 1016 3546 Deccmb.
1055 3451 1110 3542 (r)
1149 3445 1394 3528 Pontificatus
1431 3449 1546 3530 nostri
1660 3513 1670 3530 .

145 3599 249 3660 enno
274 3571 423 3647 deciano
450 3564 632 3662 septimo.

246 3702 359 3800 sigile.
383 3694 626 3778 conuertitur
645 3665 732 3794 supi·
764 3683 767 3688 ¹

1391 4241 1495 4312 Mat·-

141 4423 188 4500 (ι)
203 4425 246 4484 lra
264 4421 294 4484 iu
310 4397 479 4496 cirographo
494 4419 585 4478 nolito
595 4439 607 4488 3
619 4395 677 4474 non
684 4413 815 4489 sentosa.
892 4427 925 4476 ta
943 4409 1015 4474 diam
1030 4409 1179 4472 Sorruaous
1196 4407 1336 4485 descripsit
1356 4359 1537 4485 (seusana

179 4523 311 4586 Maur.
331 4541 360 4582 ut
381 4524 410 4582 in
430 4523 536 4584 Codice
556 4505 739 4579 Poritel'liaoo
760 4519 827 4595 lagi-
901 4515 983 4579 Urusi,
995 4531 1060 4588 7³5«
1076 4515 1143 4588 ὴ.)

178 4627 277 4700 sitas,
298 4639 336 4686 ax
353 4639 410 4697 qao
427 4623 526 4682 buon
550 4623 693 4682 literarum
717 4635 822 4679 anau·
