4020 5490
416 536 1330 632 Annorrrronrrus·rurus-rnatu.
1449 565 1523 648 357

167 667 289 750 liceat
317 671 415 750 hanc
453 677 624 775 paginam
666 675 779 754 nostri
806 675 927 756 statuti
966 679 1305 758 &constitutionis
1341 668 1575 774 infringere„

163 805 225 879 vel
252 801 286 879 ei
312 799 402 880 ausu
429 806 627 883 temerario
652 805 862 882 contraire.
895 803 935 882 Si
962 806 1042 905 quis
1068 825 1194 886 autem
1221 805 1258 880 id
1285 819 1468 894 attentare
1491 822 1570 896 pre·

161 925 333 1006 sumserit
361 928 661 1028 indignationem
688 931 963 1030 omnipotentis
985 927 1087 1024 Dei,
1117 937 1154 1010 dr
1174 929 1379 1008 Beatorum
1405 925 1502 1030 Petri
1531 927 1568 1003 dt

160 1053 271 1133 Pauli
300 1055 567 1156 Apostolorum
605 1057 682 1148 ejus
720 1055 756 1133 se
791 1055 940 1134 noverit
975 1053 1232 1134 incursurum.
1271 1053 1365 1134 Dat.
1390 1048 1565 1134 Lateran-

157 1179 234 1258 lv.
260 1181 314 1260 ld.
339 1182 444 1260 Febr.
469 1177 712 1260 pontificatus
738 1178 853 1258 nostri
881 1201 986 1259 anno
1013 1179 1162 1280 primo.

262 1311 333 1411 sig.
360 1311 399 1386 de
423 1331 535 1384 more.
761 1323 765 1331 “

328 1523 636 1662 Privilegium
669 1524 852 1632 domini
887 1523 1123 1630 benedidii
1159 1559 1275 1664 pape
1307 1471 1413 1628 ΧΙ.ΙΙ

240 1685 380 1825 super
410 1692 772 1795 excomunicatis
808 1687 869 1794 δί
904 1689 1086 1791 rebeliis
1119 1677 1231 1828 (ira)
1263 1685 1495 1792 Ordinis.

614 1935 693 1990 ¹3⁰⁴·
711 1934 755 1974 re.
770 1911 851 1975 l'ebr.
870 1909 918 1972 Ex
932 1908 1005 1972 Bibl.
1021 1907 1112 1969 Braid.

149 2075 482 2406 BEnediitns
502 2075 702 2178 Episcopus
729 2074 849 2153 servus
875 2072 1065 2149 servorum
1080 2067 1159 2145 Dei
1179 2067 1464 2148 Venerabilibus
1488 2067 1563 2147 sra-

309 2208 424 2287 tribus
448 2203 767 2305 Archiepiscopis,
791 2207 829 2282 dr
848 2199 1061 2301 Episcopis,
1097 2224 1136 2276 ae
1161 2196 1299 2275 dilediis
1325 2192 1411 2268 filiis
1437 2192 1560 2270 Abba·

308 2333 438 2426 tibus,
471 2329 692 2422 Prioribus,
724 2332 762 2407 &
788 2325 868 2403 aliis
891 2323 1135 2404 Ecclesrarum
1161 2323 1341 2423 prelatis,
1378 2321 1422 2394 ad
1462 2343 1556 2418 quos

147 2455 338 2556 presentes
376 2457 650 2558 pervenerint,
689 2454 841 2534 salutem
879 2457 916 2530 br
944 2447 1197 2548 Apostolicam
1232 2445 1552 2524 benedictionem.

149 2585 417 2688 Significnunt
443 2585 551 2664 nobis
576 2583 695 2661 dileiii
722 2579 790 2659 filii
817 2575 997 2677 Magister
1021 2578 1059 2654 dt
1083 2571 1213 2652 fratres
1236 2569 1389 2648 Ordinis
1414 2569 1554 2646 Humi·

147 2717 328 2794 littorum
354 2713 400 2790 ad
427 2711 646 2790 Romanam
667 2703 869 2784 Ecclesiam
895 2703 1002 2778 nullo
1029 2701 1155 2778 medio
1171 2694 1428 2795 pertinentis,
1449 2691 1552 2794 qrtod

149 2843 335 2921 nonnulli
361 2841 406 2918 de
430 2838 575 2916 Ordine
602 2831 707 2931 ipso,
732 2827 955 2930 quandoque
981 2823 1100 2900 animi
1127 2821 1302 2912 levitate,
1322 2816 1550 2919 quandoque
1604 2813 1608 2820 “

147 2972 222 3050 alia
252 2972 298 3047 de
323 2963 427 3046 cansa
454 2965 579 3040 minus
606 2955 848 3047 rationabili,
885 2949 964 3051 post
1001 2947 1134 3026 saliam
1168 2949 1209 3036 in
1243 2942 1321 3042 ipso
1355 2935 1545 3038 profeffio·

147 3119 242 3172 nem
269 3094 371 3170 exire
396 3087 611 3189 presumunt
627 3111 642 3176 3
679 3107 721 3160 ac
757 3079 969 3181 frequenter
996 3072 1174 3148 nonnulli
1199 3073 1272 3152 lalii
1307 3067 1435 3150 fratres
1458 3068 1545 3145 diui

146 3223 305 3301 Ordinis
331 3221 456 3319 spiritu
484 3209 692 3293 rebellionis
718 3204 899 3306 assumpto
932 3203 1052 3281 eidem
1077 3197 1259 3297 Magistro
1298 3195 1549 3274 obedientiam

146 3375 188 3428 ac
212 3347 459 3426 reverentiam
487 3331 846 3416 debitamexhibere
873 3325 1035 3406 recusant
1070 3329 1110 3408 in
1147 3323 1357 3400 animarum
1398 3315 1546 3392 suarum

135 3475 382 3574 periculum,
407 3473 444 3546 dt
470 3463 683 3543 scandalum
709 3456 862 3534 Ordinis
888 3452 1112 3551 supradicti.
1150 3441 1331 3544 Quocirca
1352 3438 1548 3520 Unirerfi·

147 3603 217 3678 tati
243 3597 357 3676 redte
383 3619 443 3692 per
469 3587 680 3688 Apostoliea
708 3581 834 3680 scripta
862 3577 1106 3666 mandamus,
1132 3588 1309 3672 qnatenus
1334 3568 1416 3662 illi,
1452 3547 1555 3666 quos*

145 3729 231 3805 didii
260 3719 432 3822 Magister
458 3719 495 3794 dr
520 3712 648 3790 fratres
675 3705 876 3785 abeodem
902 3699 1083 3796 Magistro
1115 3697 1459 3774 excommunicatos
1497 3713 1546 3768 err

148 3854 262 3932 caufis
288 3844 499 3938 hujusmodi
528 3837 780 3927 nuntiabunt,
803 3827 880 3904 'nist
909 3825 1097 3926 postquam
1126 3847 1147 3898 a
1174 3820 1276 3898 vobis
1302 3817 1435 3893 moniti
1462 3813 1550 3889 sue·

147 3981 223 4057 rint
248 3977 448 4072 diligenter
475 3969 519 4044 ad
543 3961 725 4038 Ordinem
753 3959 950 4056 prediilurn
978 3953 1126 4042 redire,
1166 3947 1300 4040 ibidem
1329 3943 1545 4042 regulariter

148 4099 358 4194 moraturi,
382 4099 549 4194 disloque
575 4085 756 4185 Magistro
781 4081 1024 4159 obedientiam
1053 4103 1095 4156 ac
1122 4073 1361 4152 reverentiam
1391 4069 1454 4146 srbi
1481 4069 1545 4144 de·

147 4233 267 4310 bitam
293 4221 465 4303 exhibere
490 4216 718 4306 curaverint,
745 4210 887 4286 tamdiu
912 4205 1255 4282 excommunicatos
1283 4196 1423 4296 publice
1449 4217 1545 4267 nun-

146 4359 269 4451 tietis,
296 4356 332 4430 δε
358 4348 497 4426 saciatis
525 4341 567 4416 ab
596 4341 676 4414 aliis
702 4333 865 4412 nuntiari
877 4337 899 4424 i,
936 4333 973 4406 dr
1000 4325 1045 4402 ab
1070 4323 1246 4398 omnibus
1272 4323 1402 4398 arilina
1426 4321 1542 4396 erita.

147 4485 211 4576 ri,
248 4482 368 4558 donec
393 4471 437 4548 ad
462 4471 599 4548 dilium
623 4462 811 4544 Ordinum
847 4453 1041 4533 humiliter
1079 4467 1357 4544 revertantur,
1380 4452 1415 4524 dr
1443 4447 1542 4521 didio

148 4606 332 4707 Magistro
357 4593 634 4694 obedientiam,
658 4589 695 4667 dt
721 4581 965 4668 reverentiam
993 4576 1227 4666 exhibeant,
1264 4595 1304 4652 ut
1344 4593 1544 4652 tenentur.

1400 4695 1494 4775 Dar.
1575 4754 1578 4763 .
