3990 5490
18 887 20 956 Ι

18 959 20 1032 i

388 533 1308 616 Attuoratrotrtnnetutotcnnca'.
1425 535 1495 635 163

252 661 336 764 Ego
361 663 491 746 Guido
518 659 763 746 Praenestinus
791 660 991 762 Episcopus
1018 656 1250 761 subscripsi.¹

250 787 336 890 Ego
362 791 544 871 Olireriuc
569 789 781 870 Sabinensrs
806 785 1008 888 Episcopus
1036 785 1242 887 subscripsi.

253 914 343 1013 Ego
367 915 447 994 Οᾶ.
471 970 481 993 .
504 971 515 992 .
541 971 553 992 .
578 915 644 996 88.
669 915 788 1014 Sergii
814 919 853 992 ot
884 913 1020 992 Bacchi
1045 913 1153 992 Diae.
1178 909 1333 988 Cardiu.
1361 906 1475 986 suberi
1488 905 1565 1006 pfi.

252 1041 336 1143 Ego
362 1043 562 1122 Rainerius
581 1039 620 1116 8.
635 1037 765 1117 Mariae
784 1043 824 1115 in
840 1036 1045 1118 Cosmedin
1060 1041 1167 1118 Dirc.
1181 1039 1335 1116 Cardin.
1353 1032 1482 1110 subscri
1494 1030 1563 1130 pst.

18 1209 20 1224 ι
138 1173 143 1178 γ’
203 1169 352 1248 Datum
379 1174 569 1272 Anagniae
601 1201 667 1274 per
703 1200 862 1252 manum
891 1173 1060 1270 Magistri
1087 1175 1282 1252 Sencbaldi
1309 1169 1349 1248 S.
1368 1169 1558 1247 Romanor

153 1297 319 1378 Ecctefia
344 1301 646 1376 vicecancellarii
675 1307 730 1392 (2)
758 1303 895 1398 quinto
916 1299 1048 1374 Nonas
1068 1297 1156 1394 Jusii
1185 1296 1393 1372 indistione
1419 1293 1563 1367 decime

155 1425 281 1523 quinte
308 1422 589 1501 incarnationis
608 1422 825 1503 Dominicae
846 1449 908 1502 en.
923 1415 1208 1500 MCCXXVII.
1221 1414 1463 1497 Pontificatus
1488 1439 1559 1491 no·

155 1549 214 1626 siti
243 1575 351 1626 anno
378 1549 526 1647 primo.

152 1776 158 1788 .
191 1733 330 1795 Pontifex
347 1733 387 1794 eii
402 1735 594 1804 renunciatus,
607 1733 721 1796 addient
731 1733 842 1798 XXX.
913 1734 1037 1794 exercitu
1056 1733 1084 1791 in
1103 1731 1214 1806 spriarn
1232 1729 1357 1790 deletum
1383 1725 1464 1786 illurn
1487 1721 1564 1782 arbi·

191 1831 353 1906 Septemb„
371 1850 423 1906 qua
434 1833 577 1894 Corradus
591 1833 680 1905 obiit,
698 1833 840 1908 contigisse
880 1838 883 1846 '
912 1850 987 1905 troc,
1006 1833 1052 1894 sed
1069 1851 1131 1892 curn
1146 1833 1270 1891 inanima
1290 1829 1341 1888 ilie
1357 1823 1564 1900 peregrinorum

188 1933 251 2007 quir
267 1933 378 1993 tandem
397 1935 511 1996 eredat?
531 1935 631 2012 Quint
646 1939 719 2012 quod
728 1938 834 1997 nullutn
905 1934 1108 2003 multitudine,
1126 1949 1187 2006 qne
1206 1933 1235 1988 in
1246 1923 1496 1998 Hierosolymittni
1508 1923 1566 1984 ua·

192 2029 246 2096 bc
261 2047 332 2092 enno
351 2029 596 2106 crucefignatorunt
614 2035 644 2093 in
660 2031 772 2106 Syriam
788 2049 839 2092 ert-
911 2032 1037 2090 triarchat
1055 2029 1227 2100 aliorumque
1238 2025 1437 2099 Episcoporunt
1449 2021 1564 2094 Episto-

192 2127 364 2202 peditionent
382 2145 600 2192 commemorant
611 2133 697 2192 Sacroe
710 2133 844 2194 Historia
916 2129 944 2188 la
954 2127 1007 2186 hoc
1020 2127 1081 2198 ipso
1090 2143 1166 2186 anno
1180 2124 1216 2184 cd
1225 2115 1394 2196 Gregoriurn
1408 2123 1472 2183 dara
1481 2139 1561 2184 cont·

190 2227 364 2300 Scriptores!
385 2227 494 2286 Horum
513 2231 588 2286 enirn
608 2229 840 2288 exercitueBrun·
911 2219 1100 2284 memoratur.

195 2325 267 2385 dusii
277 2323 418 2382 friderico
437 2325 464 2380 si
486 2322 594 2382 Castra
609 2323 690 2384 Duce
707 2321 849 2385 concerno
876 2323 918 2398 (a)
937 2321 1097 2394 Sinibaidur
1110 2321 1266 2390 daritim,
1281 2319 1329 2394 qui
1345 2317 1398 2380 hoc
1413 2316 1473 2392 ipso
1486 2335 1562 2382 anno

193 2435 254 2480 tunt
270 2420 314 2477 sue
331 2435 431 2491 magna
448 2436 486 2478 er
503 2437 581 2487 parre
598 2421 773 2494 consumptus
789 2421 840 2492 esi.
911 2438 931 2480 a
947 2419 1085 2494 Gregorio
1103 2418 1161 2478 IX.
1179 2415 1465 2487 cardinalitium,
1491 2417 1565 2477 Pon·

195 2529 258 2576 tunt
274 2513 407 2573 Fridetrci
432 2514 514 2586 ipsius
539 2515 638 2598 morbo
653 2523 669 2577 a
686 2521 844 2592 navigatio·
916 2516 1034 2576 tificiant
1057 2517 1156 2576 deinde
1174 2515 1270 2576 sedem
1293 2535 1338 2578 en.
1358 2515 1565 2595 Mccxutrt,

197 2633 234 2676 ne
251 2613 425 2688 prohibitus.
445 2614 597 2684 Expeditio
611 2631 701 2674 aurern
718 2615 841 2687 ipsajant
914 2615 1093 2688 conscendit,
1109 2633 1190 2690 atque
1205 2617 1380 2675 innocentius
1397 2615 1447 2674 tv.
1465 2615 1563 2688 appel·

194 2713 230 2775 ιδ
246 2733 289 2772 en.
305 2711 518 2774 MCCXXssi.
540 2712 641 2774 indisiu
661 2712 767 2773 suerat.
789 2717 847 2774 sta·
918 2717 1065 2784 saturei,
1091 2715 1168 2787 cuiue
1187 2716 1319 2789 plurimae
1341 2716 1378 2778 cd
1394 2715 1564 2780 fluuium

194 2831 246 2887 que
267 2810 320 2869 hoc
338 2831 422 2873 uuutn
442 2810 594 2886 prestitisse
610 2812 721 2870 ridetur
734 2813 846 2872 Conrt·
920 2811 1030 2874 nostroe
1045 2813 1140 2874 literae
1154 2811 1343 2888 proferemu-
1546 2827 1552 2836 '

193 2910 264 2983 dut.
282 2923 314 2970 ut
333 2909 458 2974 eamdent
478 2926 611 2986 urgetur
629 2929 679 2974 ncc
700 2929 767 2976 rere
785 2928 850 2972 curn

668 3087 1063 3158 &amnium

167 3259 473 3400 Priuiicgiunt
504 3263 724 3400 Gregorii
756 3267 842 3366 IX.
877 3268 928 3366 in
962 3301 1055 3404 quo
1087 3267 1254 3370 inserta
1285 3260 1353 3367 est
1384 3265 1568 3400 Regula

267 3461 351 3565 pet
388 3427 717 3530 Innocentium
754 3429 841 3528 111.
875 3427 1132 3563 Praepofiris
1166 3465 1219 3532 ac
1254 3431 1459 3533 PcaeIaris

475 3624 530 3692 ec
561 3593 793 3696 sororibus
826 3593 1024 3696 Ordinis
1060 3591 1259 3695 tradita.

636 3813 714 3866 tm.
733 3817 758 3865 7.
777 3795 842 3871 Jun.
861 3797 907 3863 Ex
924 3796 997 3862 Cud.
1011 3797 1107 3860 t‘nric.
1205 3851 1213 3866 .

330 4071 447 4149 nisiris
472 4078 510 4154 δι
534 4069 706 4152 fratribus
731 4095 772 4151 ac
799 4070 982 4166 sororibus
1008 4071 1162 4150 Ordinis
1183 4071 1483 4151 Humiliatorum
1506 4073 1571 4150 Sa-

331 4199 449 4277 lutem
473 4205 510 4280 oc
535 4201 790 4302 Apostolicem
817 4207 1137 4285 bencdiciionent.
1163 4207 1264 4286 Curn
1286 4203 1347 4288 sei.
1371 4229 1483 4284 mern.
1504 4203 1569 4282 In·

173 4329 372 4410 nocentius
397 4353 488 4426 papa
514 4326 745 4426 prodecessor
772 4330 895 4410 nosser
919 4333 1091 4429 regulam
1119 4331 1274 4409 vestram
1300 4329 1455 4408 studiose
1488 4352 1570 4407 cor·

174 4458 307 4534 rectam
335 4451 429 4551 apud
457 4451 710 4549 Apostolicarn
736 4457 877 4535 Sedcm
909 4461 1090 4554 curaverit
1124 4456 1341 4551 reservate,
1382 4478 1453 4531 nos
1485 4479 1573 4532 earn

176 4581 262 4661 sicut
288 4578 448 4660 corrcsia
472 4577 605 4658 exstitit
633 4583 677 4662 ab
704 4587 838 4674 eodem
864 4585 1036 4690 prasenti
1062 4586 1205 4686 pagina
1229 4581 1401 4662 annotari
1417 4577 1574 4711 ficimus

216 4704 223 4717 '
881 4707 922 4788 Χ
972 4733 997 4786 2
1476 4707 1524 4788 ad

171 3941 486 4192 GRegorius
512 3941 709 4042 Episcopus
735 3945 868 4024 Servus
893 3947 1092 4024 Servorum
1117 3943 1193 4024 Dei
1219 3945 1357 4023 dilestis
1383 3943 1469 4024 filiis
1493 3937 1571 4022 Mi·
1606 3965 1617 3976 ·
