4052 5486
514 533 1441 628 Arruortrtotrrrrnrrttnsrrttrr.
1556 547 1633 648 '245
1733 595 1762 616 .-

273 653 448 758 Magister
473 659 677 740 &Fratres
700 661 821 743 Tertii
846 665 999 744 Ordinis
1014 669 1311 752 Humiliatorum
1327 672 1535 752 Mediolan.
1560 669 1682 746 Nobis

273 807 463 883 exponere
489 809 688 883 curarunt,
715 793 755 868 in
784 795 874 870 locis
899 795 1083 897 aliquibus
1109 795 1152 874 srt
1179 796 1387 892 staturum,
1412 820 1453 877 nr
1478 795 1679 876 Parochia·

260 911 318 1024 xtri
345 911 611 992 Paroehiarurn
638 919 678 992 in
704 919 835 1020 quibus
858 917 970 1001 suerit
998 923 1246 1000 homicidium
1275 943 1572 1025 perpetratum,
1609 921 1681 1001 nili
1759 909 1764 926 ’

276 1033 396 1139 ipsum
416 1041 577 1140 reperior
600 1041 855 1144 homicidam,
872 1069 1014 1128 eertum
1036 1049 1208 1127 bannum
1232 1048 1371 1128 solvere
1394 1069 1593 1128 teneantur
1612 1053 1682 1141 (r),
1710 1055 1713 1062 ’

273 1164 440 1269 ipsosque
460 1167 604 1246 Fratres
631 1195 710 1248 non
738 1175 898 1268 deceat,
924 1199 993 1252 nee
1017 1173 1062 1252 srt
1088 1195 1215 1253 tutum
1240 1176 1470 1275 captionibus
1496 1187 1570 1252 aut·
1586 1175 1679 1251 rixis

274 1293 407 1371 talibus
431 1297 656 1393 immisceri,
683 1297 755 1376 sua
780 1301 883 1400 super
910 1301 985 1378 boe
1009 1303 1122 1401 quieti
1148 1301 1287 1382 consuli
1313 1299 1595 1378 misericorditer
1617 1323 1681 1398 pe.

271 1419 432 1498 tlerurtt.
468 1421 552 1498 Nos
574 1447 708 1500 eorum
747 1422 786 1498 in
814 1422 885 1500 hae
918 1443 1022 1525 parte
1047 1425 1213 1504 nolentes
1241 1425 1517 1523 gravaminibus
1543 1447 1675 1522 praera-

271 1564 381 1640 vere,
406 1544 480 1622 suis
505 1545 668 1644 precibus
693 1549 863 1626 inclinari
877 1605 891 1643 ‚
923 1549 1137 1626 rudoritate
1163 1547 1397 1647 praesentium
1425 1548 1670 1642 inhibemus,

265 1690 317 1748 rte
343 1676 426 1770 quis
448 1671 494 1748 de
518 1691 642 1752 cetero
667 1675 713 1750 ad
740 1674 968 1752 solutionem
994 1673 1119 1752 Brnni
1144 1671 1297 1763 alicujus
1321 1669 1513 1750 occasione
1539 1671 1668 1764 buius-

266 1799 374 1874 modi
400 1797 496 1896 ipsos
520 1799 710 1896 impellat.
746 1795 980 1898 Quapropter
1002 1795 1237 1876 fraternitati
1265 1794 1388 1872 vestre
1414 1821 1479 1895 per
1505 1794 1668 1895 Apollo·

260 1923 335 2002 tter
372 1920 500 2022 scripta
540 1926 794 2017 mandamus,
832 1942 1017 2024 quatenus
1053 1923 1174 1999 eidem
1202 1918 1385 2018 Magistro
1418 1926 1456 2000 bt
1480 1917 1671 2024 fratribus

263 2067 392 2125 eontra
418 2049 630 2150 aliquorum
658 2045 763 2144 super
790 2047 864 2124 boe
889 2049 1079 2125 andaciam
1105 2043 1264 2120 assistatis
1289 2049 1326 2122 &
1351 2040 1574 2142 defendatis,
1595 2073 1665 2128 nee

261 2176 486 2276 permittatis
511 2171 607 2273 ipsos
630 2191 760 2248 eontra
786 2170 1054 2248 inhibitionem
1084 2167 1249 2246 nostram
1275 2168 1322 2244 ab
1348 2169 1530 2270 aliquibus
1555 2174 1665 2252 inde·

257 2297 336 2378 bite
363 2299 572 2395 molestari,
597 2295 859 2376 Molestatores
882 2293 1094 2386 huiusmodi
1120 2317 1184 2392 per
1207 2293 1417 2372 Censorem
1437 2293 1658 2378 Ecclesralli·

255 2428 342 2504 e'am
370 2425 618 2524 appellatione
643 2419 839 2520 pottpnsrra
864 2416 1163 2518 compescendor
1200 2418 1465 2498 constitutione
1489 2422 1536 2499 de
1560 2423 1654 2504 dua·

257 2547 328 2627 bus
352 2549 462 2626 dietis
487 2551 526 2624 in
542 2545 721 2626 Concilio
745 2544 908 2644 generali
933 2543 1032 2619 edita
1059 2565 1141 2620 non
1168 2539 1359 2621 obstante.
1384 2539 1497 2641 de
1520 2544 1549 2624 li
1576 2573 1659 2628 nort

254 2671 368 2751 ambo
397 2675 440 2749 iis
463 2670 687 2772 exequendis
711 2665 879 2745 interesse
919 2667 1142 2764 potueritis,
1179 2668 1271 2744 alter
1299 2665 1525 2750 vestrumea
1553 2673 1657 2752 nitt-

253 2797 422 2878 lominus
446 2817 672 2899 exequatur.
710 2793 858 2872 Datum
885 2789 1096 2870 Mediolani
1123 2789 1245 2868 Nonis
1270 2791 1427 2892 Augusti
1455 2797 1658 2884 Pontifiea.

254 2941 315 3004 tus
342 2921 455 3002 uoslri
483 2947 588 3002 anno
613 2945 743 3008 nono.

247 3184 292 3263 (¹)
311 3187 439 3250 laum
461 3185 536 3247 idem
551 3183 592 3244 esi
615 3179 754 3244 interdum
777 3195 810 3236 ae
824 3175 927 3237 mulsia
1000 3171 1132 3234 mulsiam
1141 3163 1321 3234 briennum
1330 3133 1570 3238 ineolisindiaam
1580 3177 1649 3240 fuis·

285 3285 463 3362 pecuniaria.
481 3282 512 3344 ld
529 3299 612 3356 porro
625 3295 662 3342 en
676 3279 720 3338 bia
742 3277 830 3336 literis
843 3273 926 3335 disei-
1000 3269 1047 3340 se,
1061 3273 1109 3346 qul
1129 3271 1272 3332 homicidii
1290 3271 1320 3332 in
1339 3287 1434 3332 eorum
1452 3275 1567 3346 paracta
1586 3293 1649 3350 per·

283 3399 363 3454 mur,
379 3379 452 3456 qod
470 3379 604 3454 nosquam
622 3397 667 3439 me
685 3376 785 3451 legere·
796 3371 926 3443 memini,
1003 3369 1105 3444 perrari
1120 3385 1198 3428 reum
1213 3385 1268 3430 oo·
1286 3368 1571 3442 oomptebeuditiens.

755 3523 1148 3595 mmmm

242 3689 550 3823 Pririlegium
570 3683 748 3786 domini
771 3685 895 3814 Pape
914 3675 971 3780 ad
992 3673 1243 3810 capitulum
1263 3671 1638 3780 Cistereieufiuut

334 3831 458 3966 quod
477 3827 639 3928 srarres
661 3821 836 3924 ordinis
862 3821 912 3915 in
934 3817 1017 3978 suo
1038 3811 1200 3914 ordine
1231 3845 1330 3912 non
1351 3809 1550 3914 debeant

717 4053 720 4060 ,
856 3989 949 4056 rect
984 3989 1028 4054 r.

607 4177 611 4186 '
669 4166 934 4246 ‘mamam
950 3987 1193 4226 lZxBiblAEraitl.

317 4313 554 4397 Nnocentius
577 4311 760 4412 episcopus
784 4309 905 4388 servus
929 4306 1115 4384 serrorum
1129 4299 1204 4380 Dei
1229 4295 1366 4386 silebis
1392 4291 1478 4376 liliis
1491 4296 1630 4396 Abbati

240 4335 314 4654 I
341 4452 379 4525 bt
404 4443 567 4545 generali
592 4443 753 4540 capitulo
775 4437 937 4516 Cillerrii
964 4431 1121 4510 salntem
1155 4435 1203 4542 dt⁸
1219 4426 1456 4528 apostolicam
1483 4430 1633 4510 benedi·

342 4575 526 4656 ettonem.
561 4569 623 4652 Etr
647 4589 747 4670 parte
771 4566 988 4644 dileldorutn
1020 4559 1184 4640 filiorum
1210 4557 1373 4660 Magistri
1411 4554 1632 4640 &fratrum

1475 4685 1588 4766 ordi·
