4050 5480
284 525 1450 630 nnHunmmnonnosemolumentorumosms.
1474 571 1528 652 49
1590 523 1597 570 ³
1674 577 1676 582 ’

175 663 291 764 suque
316 668 538 768 discipliuae,
564 695 585 747 a
610 691 683 774 qus
709 669 910 748 Humiliati
939 673 1093 770 turpiter
1120 675 1215 756 adeo
1237 675 1487 773 desciverant,
1514 677 1579 756 ob·
1665 701 1673 712 ’

173 791 506 876 servantiffimum.
544 789 716 890 Qtarum
744 792 948 893 virginum
975 797 1309 880 eximin.virtutes
1347 801 1412 878 fibi
1439 803 1479 878 In
1506 803 1579 900 pri·

61 919 63 926 ’
171 920 246 994 mle
272 937 431 1018 acceptas
454 915 528 996 effe·
562 939 650 996 tuuc
685 917 882 1017 praesertim
917 919 1023 998 Deus
1051 917 1099 996 O.
1118 879 1184 1057 XM
1211 920 1357 1000 testatus
1382 923 1459 1020 est,
1490 951 1580 1005 cum

172 1067 282 1123 anno
307 1043 530 1123 MDCCIV.
566 1043 808 1122 vercellensis
842 1043 926 1120 urbs
961 1045 1152 1141 obfidiope
1188 1069 1435 1146 premeretur.
1472 1049 1577 1132 Cum

171 1171 280 1248 enim
306 1173 344 1247 in
369 1173 474 1248 odaeo
506 1172 666 1248 collestae
700 1167 850 1261 iamiam
884 1171 999 1247 Sacris
1027 1170 1159 1270 Epulis
1191 1171 1393 1251 reficiendae
1426 1174 1568 1272 essent,

169 1293 309 1374 ferreus
334 1295 467 1395 globus
492 1320 520 1408 e
540 1313 732 1372 tormento
762 1293 896 1370 bellico
923 1293 1091 1390 explosus
1123 1295 1287 1394 disrupto
1320 1295 1463 1376 fornice
1492 1325 1573 1378 ma-

7 1405 10 1428 'ss
168 1425 329 1506 xima'vi
348 1426 492 1501 irruens
508 1421 815 1502 Sanslimoniales
828 1441 959 1494 omnes
971 1419 1182 1496 incolumes
1201 1423 1370 1524 reliquit.
1402 1421 1444 1500 Β.
1458 1425 1574 1502 Ame-

164 1551 226 1633 dei
253 1548 412 1632 Sabaudi
448 1545 585 1646 effigies
619 1545 777 1662 solemni
809 1548 914 1624 cultu
954 1547 1047 1642 apud
1083 1547 1231 1626 easdem
1267 1550 1432 1642 colitur,
1472 1549 1575 1640 euius

164 1682 287 1759 etiam
322 1673 534 1775 praesentem
571 1697 681 1773 opem
719 1675 760 1748 in
797 1667 1011 1771 gravissimis
1047 1669 1188 1746 morbis
1225 1668 1315 1771 supe
1354 1673 1570 1754 senserunt.

164 1787 472 1884 Humiliatorum¹
494 1795 636 1896 legibus
673 1793 794 1874 adhuc
831 1796 961 1872 vivunt
981 1817 1013 1893 ;¹
1035 1792 1218 1872 Romano
1256 1815 1385 1876 tamen
1421 1799 1500 1876 ritu
1523 1799 1574 1874 in·

166 1929 289 2014 Sacris
314 1951 496 2013 utuntur.

175 2057 182 2072 '
271 2055 456 2138 XXXVI.
489 2055 552 2133 Ad
577 2053 715 2158 fugiam
747 2048 1017 2130 vercellensem
1051 2047 1169 2148 casale
1201 2055 1236 2126 S.
1265 2051 1420 2143 Evasi,
1457 2047 1573 2144 rtrlgo

165 2165 291 2290 casale
313 2189 350 2269 ti
375 2167 583 2280 Mmserratn
601 2194 621 2277 ',
660 2183 841 2279 pertinet·
880 2175 1035 2272 Duplex
1059 2201 1163 2265 enno
1196 2171 1573 2254 Mccxcvt11.ibi

162 2333 248 2393 erat
274 2309 578 2388 Humiliatorum
602 2303 737 2378 domus
750 2327 762 2394 ς
785 2305 965 2400 4Damur
983 2292 1141 2392 fratrum
1165 2295 1203 2370 tle
1227 2297 1334 2390 eofhle
1351 2294 1572 2391 sanai-eve·

153 2439 207 2528 fii
218 2465 235 2530 ,·
261 2457 296 2535 5.
324 2439 452 2510 Domus
469 2429 624 2526 sororum
649 2425 696 2500 ili
714 2425 844 2526 supra.
872 2423 998 2523 Atque
1024 2421 1070 2496 ad
1096 2419 1268 2498 fratrum
1286 2421 1444 2500 domum
1464 2421 1568 2524 quod

164 2563 327 2654 attinet,
355 2575 475 2637 narrat
500 2555 560 2634 ct.
582 2551 766 2630 Mortuus
796 2551 835 2626 in
864 2549 961 2624 libro
989 2545 1081 2642 suo,
1107 2571 1219 2647 quem
1244 2551 1391 2646 Eppeton
1417 2545 1569 2648 inmun

163 2686 238 2784 stt,
264 2685 497 2778 Humiliatos
532 2684 608 2773 jam
634 2699 655 2752 a
683 2673 800 2752 saeculi
836 2669 925 2748 XII.
950 2671 1056 2747 exitu
1088 2695 1173 2748 eam
1211 2672 1335 2770 oppidi
1370 2673 1570 2772 regionem

161 2811 317 2895 tenuille
330 2855 356 2908 ,·
368 2785 450 2912 nun
476 2797 702 2887 Suburbium
722 2821 865 2874 novum
886 2796 1098 2890 dicebatur,
1124 2795 1246 2898 ibique
1266 2797 1386 2874 aedem
1405 2795 1568 2880 habuisse

159 2938 339 3038 Deipatrae
365 2937 538 3024 Sacram3
563 2951 650 3008 cum
676 2947 765 3002 vero
793 2917 891 3017 lulio
911 2913 1181 2996 Montisserrati
1202 2915 1570 3000 Marchtonitsandt·

7 3135 18 3146 ..
158 3065 290 3149 culam
315 3059 352 3143 δ’.
377 3057 489 3138 Cruci
516 3053 683 3130 Inventae
706 3047 867 3122 dicatam
894 3041 997 3120 hauet
1022 3045 1135 3142 longe
1167 3037 1419 3118 aedificandam
1442 3041 1564 3122 curas·

161 3161 244 3288 ¹ot,
270 3192 311 3270 iu
337 3207 454 3284 eaque
480 3184 610 3282 ingens
634 3175 673 3256 S.
699 3171 829 3253 Crucis
852 3165 1105 3270 fragmentum
1132 3169 1253 3249 secum
1286 3165 1565 3263 Hierosolymis

163 3319 318 3396 allatum
344 3281 514 3402 locasset,
539 3304 732 3382 aediculam
759 3297 858 3373 banc
883 3294 997 3394 ipsam
1025 3321 1085 3375 an.
1106 3295 1233 3376 MCC.
1257 3321 1281 3374 n
1305 3292 1564 3378 Casalenfibus

161 3435 369 3540 impetrasse
401 3427 666 3517 Humiliatos3
698 3421 758 3502 sed
783 3445 869 3498 cum
895 3417 1086 3516 angustior
1121 3419 1185 3498 illa
1207 3418 1315 3516 effer,
1341 3423 1469 3501 iisdem
1494 3447 1560 3506 art.

162 3557 408 3650 MCCXLII.
434 3559 524 3639 XII.
550 3549 882 3658 Seprsconceffum
908 3549 1035 3647 suiffe,
1075 3569 1118 3630 ut
1151 3551 1225 3628 alia
1251 3553 1292 3638 in
1318 3553 1416 3634 urbis
1443 3559 1567 3654 regio-

165 3719 217 3776 ne
243 3717 324 3772 non
350 3693 466 3792 longe
490 3710 514 3763 a
540 3681 725 3762 munibus
751 3699 867 3778 novas
888 3671 954 3762 libi
978 3675 1069 3750 andes
1084 3673 1362 3774 =conllruerent3
1389 3701 1477 3781 quas
1503 3684 1564 3763 illi

118 3794 123 3803 ι
163 3819 211 3904 S.
234 3817 363 3896 Mario
389 3815 513 3896 Novas
540 3805 730 3911 appellasse
756 3801 952 3882 videnture
992 3799 1066 3876 boc
1091 3802 1195 3877 enim
1231 3803 1390 3886 nomlue
1418 3808 1458 3880 io
1485 3805 1568 3888 Hm

164 3946 398 4024 miliatorum
424 3927 767 4020 constitutionibus
784 3921 889 4002 XIV.
914 3922 1047 4004 seculo
1071 3927 1227 4004 ineunte
1250 3923 1461 4027 conscriptis
1487 3934 1564 4010 illm

163 4071 427 4167 designantur.
465 4057 580 4158 Quod
614 4071 742 4132 tamen
775 4049 822 4128 nd
854 4049 891 4128 S.
916 4049 1059 4129 Crucis·
1079 4045 1338 4147 fragmentum
1379 4055 1563 4154 pertinet,

166 4200 275 4280 aliter
301 4213 383 4268 rem
409 4201 531 4264 narrat
556 4179 850 4262 Benvenutuss
883 4173 922 4254 S.
947 4173 1115 4276 Georgio
1138 4181 1218 4270 (a),
1250 4171 1353 4256 soille
1380 4181 1473 4261 illud
1498 4181 1565 4263 sci·
1664 4260 1666 4268 ,

163 4321 252 4408 licet
277 4308 495 4394 Lucedienli
518 4303 705 4386 Coenobio
735 4303 842 4381 dono
874 4299 1030 4397 dat-um,
1064 4317 1173 4402 atque
1207 4297 1298 4380 hius
1331 4303 1466 4386 ἀείηάο
1499 4333 1563 4389 an.

217 4452 317 4524 Tam.
342 4445 389 4516 11.
1140 4419 1508 4510 MCGCGLXXIX.

177 4525 1568 4572 ww
1722 4539 1725 4546 ,

240 4613 287 4690 (ι)
306 4595 765 4677 s10=.utuontunrotoue
784 4593 855 4658 Ro.
874 4591 940 4658 lut.
960 4589 1002 4676 ἶ.
1018 4585 1131 4656 xxu.
1149 4591 1204 4652 eol-
1223 4609 1302 4664 ns..
1470 4641 1475 4648 .

788 4803 868 4848 'br'ffll
884 4805 1085 4850 'ornem-m}
1107 4807 1131 4830 w
1145 4803 1194 4841 W
1208 4799 1210 4808 ¹
1224 4791 1495 4841 mmet-‚-
1520 4801 1525 4808 -
