4050 5480
264 529 1421 614 DcHnurtntnDotuousexrna'Mcntot.Annuurosiers.
1463 557 1507 635 25

167 655 384 754 opinionem
412 652 481 734 Vir
507 657 568 736 Cl.
594 655 828 735 confirmet?
855 659 972 738 Nulla
997 665 1189 739 omnino.
1224 661 1324 740 Rem
1352 681 1393 737 ut
1420 655 1563 738 cessisti.-

164 799 276 861 mem‘
294 783 461 880 profert,
488 811 598 885 quam
619 787 835 864 indubium
857 787 1021 864 revocari
1049 787 1092 866 stt
1120 785 1247 881 nefas,
1272 811 1455 887 quamque
1480 789 1562 864 ullo

160 911 351 986 sationum
380 910 536 1005 pondere
570 911 803 1008 comprobari
839 911 1144 1008 supervacaneum
1166 913 1251 988 stt.
1290 911 1404 986 Addit
1432 908 1562 984 Laicos

159 1032 337 1110 homines
359 1031 460 1112 suilse
488 1035 597 1124 illos,
625 1037 759 1135 quique
785 1037 946 1112 externis
971 1035 1226 1114 Sacerdotibus
1251 1035 1295 1110 ed
1316 1035 1557 1112 Sacramenta

159 1157 380 1258 suscipienda
393 1176 611 1253 uterentur,
635 1180 676 1236 ut
696 1183 743 1236 ex
764 1163 1048 1254 monumentis,
1070 1163 1215 1262 inquit,
1235 1157 1448 1238 Tiranensrs
1468 1156 1567 1232 Dei-

156 1305 255 1380 ptrte
282 1283 407 1378 templi
429 1282 665 1382 colligimus,
691 1283 888 1378 exquibus
905 1284 1025 1356 etiam
1048 1284 1219 1376 constat,
1245 1285 1319 1376 jam
1340 1283 1386 1361 ab
1406 1281 1476 1360 Xl.
1500 1279 1563 1358 se·

156 1409 242 1486 culo
267 1429 310 1484 ea
335 1410 418 1484 locat
440 1407 673 1484 Humilietos
697 1401 909 1481 incoluisse.
934 1405 1068 1482 Subdit
1092 1403 1246 1502 iissem,
1272 1408 1453 1502 arbitror,
1479 1431 1563 1482 mo·

157 1527 352 1610 nume'ntis
376 1531 528 1608 iunixus
549 1585 561 1624 ,
585 1554 698 1628 prope
726 1529 908 1606 Titanum
937 1531 1047 1634 initio
1071 1531 1267 1610 consedisse
1295 1534 1379 1609 illos
1400 1586 1411 1626 ,
1444 1557 1556 1608 mon-

158 1657 285 1758 tesque
312 1653 528 1752 occupasse,
553 1677 595 1734 ut
624 1675 707 1732 tuto
735 1657 777 1732 iis
803 1656 923 1732 virere
949 1657 1073 1734 liceret
1095 1685 1106 1749 ς
1135 1685 1177 1736 ac
1202 1683 1263 1756 per
1289 1657 1449 1734 aestatem
1476 1661 1564 1758 qui·

157 1783 249 1861 dem
270 1797 440 1860 montem
460 1779 647 1856 Titanum
667 1779 827 1856 interae
846 1777 1063 1858 Posclarum
1083 1786 1167 1859 illos
1190 1781 1365 1874 tenuisse,
1384 1782 1446 1858 ubi
1471 1783 1561 1858 aedi·

22 1993 25 2009 ,
157 1911 244 1988 cuia
262 1907 299 1986 S.
323 1907 503 2003 Remigio
522 1905 618 1982 stete
641 1905 860 2000 urebantur,
883 1931 946 2004 pet
966 1908 1130 1984 hiemem
1145 1933 1233 1984 vero
1251 1903 1423 1985 montem
1441 1909 1561 1986 alium

156 2035 265 2114 mille
290 2031 434 2109 circiter
459 2050 481 2106 e
506 2029 650 2108 Titano
684 2030 832 2130 passus,
865 2055 907 2107 sc
933 2029 970 2106 S.
998 2030 1185 2131 Perpetuo
1210 2033 1403 2110 codiculum
1427 2056 1564 2132 quam·

162 2160 253 2238 dam
276 2160 361 2240 illos
382 2153 558 2247 tenuisse3
582 2181 714 2234 eorum
735 2156 870 2232 sedibus
891 2157 1090 2232 mulierum
1107 2157 1335 2233 Coenobium
1354 2153 1458 2234 fuisse
1479 2179 1564 2255 pro·

155 2289 341 2376 ximum3
372 2281 535 2380 ustisque
559 2283 718 2377 denique
744 2275 946 2374 Hospitalis
969 2275 1158 2367 cuiusdam
1189 2281 1324 2356 domus
1348 2304 1474 2356 curam
1499 2281 1564 2356 de·

156 2407 334 2486 mundari
366 2398 621 2482 consuevisse.
658 2397 811 2498 Optime
832 2453 843 2476 .
883 2401 937 2478 At
963 2399 1181 2478 Tirsoenlia
1207 2402 1286 2480 huc
1311 2425 1563 2487 monuments

154 2529 244 2610 setis
271 2555 318 2610 ne
346 2529 549 2608 ostendunt
575 2529 799 2606 monticulos
825 2525 909 2600 illos
936 2520 1166 2602 Humiliatos
1191 2523 1332 2610 luisse?
1367 2531 1468 2610 Mihi
1495 2535 1564 2612 illa

153 2657 281 2736 videre
305 2654 405 2732 houd
432 2657 534 2734 licuit
555 2680 567 2747 3
603 2651 662 2728 sed
688 2647 850 2748 profesio
875 2649 975 2748 quod
995 2647 1183 2746 Quadrius
1209 2651 1363 2751 subdit,
1397 2656 1559 2739 sufficere

154 2782 330 2875 videtur,
356 2797 398 2858 ut
424 2801 505 2880 quer
531 2778 592 2854 ille
619 2773 761 2868 rescrt,
787 2773 833 2850 dc
859 2771 1080 2850 Humilistis
1106 2776 1350 2875 intelligenda
1379 2806 1457 2860 non
1483 2781 1556 2863 elle

161 2907 408 2990 arbitremur.
434 2905 502 2983 Ait
526 2905 633 2981 enim
656 2897 895 2977 Clementem
917 2897 1006 2977 Vll.
1032 2882 1165 2980 corum
1183 2923 1320 2981 cutum
1339 2905 1559 3019 dissoluisse,

154 3040 262 3143 quod
285 3037 392 3114 certis
418 3035 558 3132 legibus
584 3031 729 3123 nullis,
756 3051 824 3104 nec
848 3023 1047 3104 Pontificio
1072 3027 1284 3108 audioritrte
1309 3037 1559 3134 comprobatis

159 3181 358 3244 uterentur
379 3212 389 3237 .
426 3159 545 3258 Atqui
572 3153 651 3232 sues
676 3150 775 3230 tertii
800 3147 956 3227 Ordinis
982 3145 1183 3230 Humiliati
1218 3155 1349 3254 leges,
1381 3157 1513 3260 easque
1538 3187 1562 3242 a
1673 3205 1674 3208 κ

160 3287 351 3368 Romanis
373 3275 618 3362 Pontificibus
642 3278 770 3378 sepius
792 3277 1049 3378 comprobatas
1071 3281 1276 3376 habebant3
1303 3283 1455 3390 satisque
1477 3317 1565 3391 pro·

162 3413 255 3502 iude
267 3409 435 3502 constat,
455 3406 674 3487 Societatem
686 3405 816 3500 illem,
832 3429 945 3504 quem
961 3400 1146 3504 Quadrius
1157 3431 1448 3511 commemoret,
1463 3415 1563 3496 nihil

166 3541 214 3618 ad
238 3537 470 3618 Humilirtos
494 3531 727 3629 pertinuisse.

265 3661 372 3742 XIX.
399 3663 452 3740 At
466 3659 584 3737 Vallis
594 3655 757 3738 Tellinte
776 3657 905 3755 glotite
925 3656 1097 3756 nondum
1119 3657 1201 3736 setis
1217 3657 1430 3742 consultum
1448 3683 1571 3762 erate·

163 3813 234 3871 nee
257 3791 353 3870 tertii
377 3783 531 3864 Ordinis
556 3781 664 3859 initis
692 3797 839 3856 tontum
861 3833 873 3874 ,
899 3778 958 3857 sod
983 3779 1247 3862 Claustrtlium
1272 3787 1385 3863 etiam
1413 3787 1561 3868 Humi·

164 3921 343 3999 sistorum
369 3909 637 4013 antiquissimos
656 3907 790 3984 domos
809 3905 1008 4004 provincie
1030 3907 1086 3981 illi
1107 3907 1215 3986 tribui
1240 3909 1454 4008 oportebat.
1483 3913 1564 3990 Ito.

166 4069 238 4148 que
275 4040 502 4141 provinciam
537 4029 708 4108 eamdem
741 4030 838 4105 inter
875 4029 1010 4128 primas
1044 4027 1306 4110 claustralibus
1339 4033 1564 4112 Humilittit

166 4167 316 4272 patuisse
344 4165 426 4259 ait,
457 4153 655 4262 presertim
680 4148 760 4252 post
786 4149 1078 4231 Mediolanensn
1106 4155 1203 4232 urbis
1229 4155 1440 4234 excidium.
1477 4153 1564 4255 Qua

168 4299 206 4376 id
232 4291 447 4372 annositate
468 4287 667 4378 sistuntur,
693 4281 767 4362 hoc
793 4279 906 4356 etium
933 4279 1018 4356 loco
1042 4277 1173 4357 srustrn
1198 4283 1388 4382 exquires.
1411 4275 1561 4361 Tilien·

170 4419 244 4500 sem
271 4438 359 4494 vcro
385 4411 542 4486 domum
568 4409 726 4506 primam
752 4403 928 4481 omnium
953 4402 995 4478 in
1022 4401 1129 4479 Velle
1155 4403 1305 4482 Tollius
1338 4404 1474 4510 suill'c,
1507 4409 1568 4484 in.

174 4565 285 4620 nuere
300 4537 463 4614 videtur.
485 4531 613 4614 Subdit
625 4533 753 4611 euim:
774 4533 806 4604 Ε
822 4530 933 4607 allero
950 4531 968 4616 ,(
981 4523 1058 4626 post
1068 4525 1389 4610 Mediolanensem
1402 4531 1566 4634 cutem)

221 4673 327 4747 Tan.
347 4667 396 4739 11.
901 4647 943 4728 D
1029 4745 1031 4752 ,
1379 4655 1514 4737 dovetra
