4008 5494
358 497 371 520 ⁸
431 501 505 588 abo
657 504 1102 593 Hurrrtraronou
1139 509 1504 597 Mouuueura

384 631 529 734 Jantta,
556 637 733 736 Astenfi,
767 648 804 720 dt
827 643 1015 720 Florentia
1040 649 1095 734 (a)
1124 669 1185 740 per
1211 645 1501 742 resignationem
1528 641 1613 746 didi
1639 637 1785 719 Fratris

385 764 511 838 Amici
537 767 630 842 olim
657 765 860 866 Preposrti,
886 793 970 846 cum
999 767 1070 866 ipse
1093 767 1216 844 Frater
1231 769 1426 846 Rolandus
1452 773 1492 846 in
1521 768 1679 867 ipsarum
1695 765 1786 845 Pre-

384 887 546 987 posrtum
571 889 688 970 fuiss'et
714 895 872 987 clauus,
897 897 935 972 dt
963 919 1023 992 per
1049 891 1270 990 Magistrum
1299 897 1410 972 totius
1422 893 1575 972 Ordinis
1602 891 1781 968 solemni-

385 1035 441 1094 ter
466 1019 716 1117 approbatus,
752 1021 864 1094 iidem
900 1019 1040 1096 Fratres
1073 1023 1207 1097 domus
1232 1019 1418 1098 Omnium
1448 1021 1671 1099 Sandiorum
1705 1039 1785 1094 tur-

386 1144 503 1242 bant,
528 1145 736 1247 inquietant
764 1145 881 1244 ipsum
908 1143 1138 1244 Preposrtum
1164 1143 1266 1242 super
1290 1147 1443 1246 predista
1472 1143 1707 1240 polielsrone,
1727 1141 1785 1220 vei

388 1271 515 1376 quali,
541 1271 842 1368 administrandi,
868 1278 906 1353 dt
931 1274 1108 1370 gerendi,
1134 1275 1172 1348 dt
1198 1273 1347 1368 regendi
1375 1273 1570 1371 predistam
1595 1274 1785 1365 domum,

389 1397 582 1478 &Fratres
603 1397 739 1472 ibidem
765 1419 1065 1487 commorantem
1091 1419 1131 1472 ac
1150 1401 1323 1472 eumdem
1346 1395 1575 1496 polsellione,
1592 1395 1788 1498 telquasr,

389 1524 564 1600 omnium
594 1523 838 1618 predidiotum
866 1521 1027 1598 indebite
1054 1519 1280 1616 spoliarunt,
1308 1545 1387 1594 non
1410 1523 1643 1600 admittendo
1665 1523 1786 1618 ipsum

389 1665 432 1722 ut
448 1645 703 1744 Preposttum,
730 1671 796 1720 nec
819 1645 1012 1743 prestando
1038 1645 1158 1718 eidem
1187 1642 1438 1718 obedientiam
1466 1649 1503 1722 dt
1525 1653 1786 1739 reverentiam,

387 1775 427 1853 dl
456 1795 535 1848 noo
564 1773 813 1868 permittendo
837 1771 956 1844 eidem
983 1791 1027 1844 ea
1053 1791 1201 1866 gerere,
1227 1763 1375 1860 facere,
1409 1775 1447 1846 dt
1477 1793 1678 1864 exercere,
1716 1795 1790 1871 que

390 1899 437 1975 ad
448 1895 621 1974 Officium
648 1901 685 1976 dt
710 1896 765 1986 jus
792 1891 1034 1991 preposrture,
1056 1899 1093 1972 dt
1114 1892 1374 1983 subjectionem
1402 1897 1500 1972 illius
1523 1894 1793 1974 EcclesreOm·

392 2027 502 2106 nlum
528 2023 748 2100 Samiorum
776 2040 966 2118 tamquam
994 2015 1069 2094 filie
1103 2019 1284 2116 pertinere
1311 2015 1535 2094 noscuntur.
1574 2014 1699 2116 Quare
1725 2045 1790 2117 pe·

373 2153 437 2230 tit
462 2155 500 2230 dt
527 2149 704 2249 requirit,
731 2165 914 2244 quatenus
940 2142 1153 2218 auctoritate
1179 2142 1334 2238 predidie
1360 2144 1600 2242 delegationis
1624 2149 1799 2246 cogatis,

391 2279 431 2356 u
455 2299 517 2375 per
541 2268 735 2350 censuram
748 2265 1032 2344 Ecclesrallimm
1052 2265 1279 2366 deliriugatia
1304 2272 1341 2346 dt
1368 2274 1638 2368 pronuntietis,
1663 2277 1701 2354 dt
1722 2295 1788 2370 per

394 2400 616 2480 sententiam
642 2396 900 2476 condemnetis
927 2391 1072 2470 Fratres
1099 2392 1251 2490 predidle
1276 2391 1411 2468 domus
1429 2393 1616 2475 Omnium
1637 2399 1796 2478 Sando-

395 2555 508 2620 rum,
528 2543 568 2600 ut
593 2525 639 2598 de
665 2542 789 2598 cetero
816 2521 1059 2596 reverentiam
1079 2520 1116 2594 dt
1138 2515 1386 2592 obedientiam
1416 2522 1571 2618 prestent
1598 2527 1639 2601 in'
1663 2529 1795 2630 omui·

395 2657 489 2753 bus,
510 2657 551 2730 dt
574 2648 773 2726 exhibeant
800 2645 896 2720 diedo
916 2641 1107 2739 Preposrto
1132 2641 1254 2720 Sansti
1277 2641 1471 2722 Michaelis
1490 2649 1536 2726 de
1552 2653 1796 2750 Alexandria,

396 2788 435 2862 dt
462 2801 503 2857 ut
533 2801 610 2855 non
641 2771 878 2872 perturbent,
902 2771 959 2844 vel
983 2769 1215 2868 inquietent,
1239 2771 1294 2844 vel
1317 2773 1557 2870 aliquomodo
1579 2777 1790 2875 molestent,

397 2911 454 2985 vel
482 2904 702 2994 injurientur
729 2893 834 2992 super
859 2889 1099 2989 polleffione,
1128 2895 1182 2969 vel
1207 2893 1332 2990 quast,
1359 2901 1521 2991 ponendi
1549 2902 1793 2982 &statuendi

395 3033 564 3114 Priorem
594 3029 654 3103 seu
674 3021 820 3100 Fratres
856 3018 894 3092 ln
934 3015 1087 3113 predibla
1112 3014 1229 3092 domo
1252 3011 1438 3096 Omnium
1465 3023 1718 3120 Sandlorum,
1752 3033 1814 3114 tlt⁴

395 3157 614 3242 destituendi
643 3147 823 3240 eosdem,
859 3141 1118 3221 &ordinandi
1146 3141 1282 3218 ibidem
1307 3140 1559 3246 Canevarios,
1592 3155 1792 3234 revocandi

395 3293 570 3378 eosdem,
595 3271 937 3359 &administrandi
961 3275 998 3348 dt
1022 3269 1174 3366 regendi
1204 3269 1397 3366 preditum
1421 3273 1577 3354 domum
1601 3277 1793 3358 Omnium

396 3415 642 3499 Sandorum‚
666 3399 869 3480 &Fratres
906 3397 1005 3484 illius
1038 3393 1197 3486 domus,
1222 3395 1261 3470 dt
1295 3394 1364 3468 alia
1400 3400 1528 3472 omnia
1563 3403 1720 3480 faciendi
1755 3410 1794 3486 u

397 3535 624 3623 exercendi,
661 3551 730 3628 qne
758 3519 884 3609 adjus
912 3522 1017 3616 plene
1046 3514 1299 3610 subjediionis,
1327 3514 1386 3594 seu
1416 3524 1657 3620 prelationis,
1682 3535 1794 3624 perti·

399 3689 486 3747 nere
513 3653 738 3738 noscuntur,
766 3641 815 3718 set
843 3641 955 3717 libere
983 3641 1200 3739 permittant
1226 3638 1342 3736 ipsum
1366 3638 1595 3742 Preposrtum
1623 3653 1679 3728 uti
1705 3650 1799 3728 Offi-

397 3793 451 3884 tio
476 3777 706 3880 Preposrture
745 3771 784 3844 in
811 3790 854 3842 ea
880 3765 995 3840 domo
1019 3763 1209 3840 Omnium
1243 3763 1500 3865 Studiorum,
1541 3777 1578 3854 dt
1604 3773 1724 3854 lacere
1760 3782 1800 3855 a(

398 3931 564 3992 exercere
589 3892 787 4004 premissa,
823 3893 861 3968 dt
887 3890 1056 3988 aliaque
1089 3889 1135 3964 ad
1171 3889 1336 4022 regimen
1370 3896 1593 3992 preposrture
1617 3907 1656 3982 dt
1683 3910 1799 4002 prela·

1632 4049 1748 4106 trouu

410 4193 1800 4236 ..a-mm

393 4349 442 4434 ρ)
462 4348 515 4408 lla
542 4339 646 4400 lrllieet
667 4357 763 4412 omma
790 4333 1011 4395 Humillatorurn
1032 4336 1085 4396 do-
1155 4335 1263 4404 dimna.
1280 4353 1312 4394 ae
1329 4335 1447 4409 proinde
1465 4335 1557 4407 iuria
1575 4337 1723 4402 illaesuunt
1742 4344 1807 4406 llu-

399 4439 405 4450 “
436 4459 495 4503 mue
521 4439 556 4500 ab
575 4435 772 4495 Alexandrinis
789 4433 816 4491 S.
836 4432 986 4491 Miaitaelia
1012 4435 1073 4493 liu·
1146 4433 1247 4492 miliari
1269 4432 1353 4492 iidem
1369 4430 1408 4492 fle
1426 4433 1597 4507 retinebant,
1618 4441 1806 4508 urGenerali.

402 4594 411 4610 „
434 4541 548 4604 miliaria
566 4533 683 4596 laudate
700 4529 825 4604 inerant,
849 4545 881 4592 ur
900 4531 969 4590 aliar
985 4529 1073 4626 ollan-
1150 4529 1205 4606 ipti
1225 4529 1362 4606 magistro
1379 4548 1475 4608 parete
1492 4531 1665 4600 abnuerent.
