4032 5482
475 524 525 598 92
703 495 1039 582 Drssrnrsrrours
1064 519 1236 578 serrum
1264 493 1365 578 Pers
1392 515 1548 578 resurr

428 639 652 706 tenuerunt.
680 623 785 702 Hinc
811 627 851 700 in
878 622 1054 726 supremis
1082 625 1213 702 rabulis
1239 624 1348 702 Nacii
1383 652 1442 724 qu.
1469 625 1587 706 Guidi
1611 621 1657 702 de
1683 622 1829 701 Faven-

431 758 482 834 tia
510 780 570 831 an.
599 751 832 832 MCCCCV.
860 754 906 830 V.
935 757 1031 852 Aug.
1058 755 1235 852 legimus:
1263 757 1352 828 Item
1378 755 1523 854 reliquid
1548 758 1616 830 &n
1642 747 1683 830 ss
1709 750 1834 826 Lumi-

427 883 525 970 ,narie
552 882 685 964 Ecclefie
713 880 835 958 sanese
860 881 975 956 Mario
1000 881 1038 954 de
1063 880 1262 968 Monaserio
1288 885 1493 959 Monialium
1513 877 1709 968 Monasierr'i
1734 877 1837 952 orri-

429 1015 482 1086 m'r
512 1012 779 1086 Humiliarorum
805 1011 843 1084 de
866 1033 962 1108 prope
987 1011 1170 1086 sacillum.
1210 1007 1384 1100 Ejusdem
1420 1010 1566 1086 mentio
1600 1005 1758 1080 occurrit
1785 1003 1827 1080 iu

426 1135 512 1216 'aliis
553 1137 811 1213 monumentis
850 1158 910 1210 an.
951 1132 1228 1213 MCCCCXII.
1265 1140 1304 1212 ὃ(
1341 1129 1639 1210 MCCCCXIX.
1678 1130 1832 1206 Videtur

436 1289 559 1346 aurem
599 1293 677 1342 non
719 1271 840 1344 multo
878 1267 957 1366 post
996 1269 1127 1343 incolis
1151 1265 1321 1344 destituta
1359 1263 1488 1358 fuine,
1525 1264 1624 1364 quod
1649 1259 1748 1341 sorte
1776 1289 1837 1340 an.
1995 1241 1996 1314 Ῑ

432 1388 708 1472 MCCCCXX.
734 1391 888 1488 accidit,
923 1417 999 1490 quo
1024 1411 1189 1490 tempore
1226 1390 1329 1487 pestis
1356 1391 1518 1469 Sacilum
1546 1387 1714 1466 vastavit.
1755 1391 1839 1470 Eu·

433 1521 568 1614 genius
594 1519 662 1594 IV.
699 1523 801 1596 enim
842 1524 882 1595 in
911 1521 1024 1596 literis
1062 1541 1121 1591 an.
1145 1513 1461 1594 MCCCCXLII.
1497 1514 1620 1592 Pridie
1657 1513 1715 1590 ld.
1750 1513 1836 1611 Jan.

432 1645 551 1735 datis,
586 1643 718 1740 quibus
750 1639 952 1720 Ecclesram
978 1641 1148 1716 eamdem
1176 1640 1460 1737 Augustiniauis
1495 1637 1674 1714 Eremiris
1708 1663 1839 1732 conce-

431 1769 509 1860 dit,
536 1768 610 1840 ait:
646 1767 724 1840 licet
750 1767 935 1862 antiquitus
955 1763 1131 1857 secundum
1156 1764 1311 1862 quosdam
1332 1789 1393 1864 per
1425 1774 1572 1854 Fratres
1596 1765 1738 1840 Ordinis
1766 1769 1837 1840 Hu-

432 1893 642 1968 miliatorum
663 1887 844 1985 gubernata
864 1883 1000 1982 fuerit,
1027 1905 1139 1964 tamen
1164 1913 1188 1963 a
1213 1905 1380 1989 tempore,
1406 1891 1500 1990 cujas
1524 1892 1690 1968 contrarii
1712 1915 1839 1968 memo·
1996 1935 1997 1994 r

431 2020 488 2094 ria
513 2041 573 2089 nm
599 2009 710 2100 exilior
736 2011 799 2100 (id
819 2033 1034 2108 exaggerare
1057 2013 1196 2090 dissum
1220 2015 1393 2106 viderur)
1411 2039 1471 2114 per
1488 2013 1666 2110 saculares
1692 2017 1839 2090 clericor
1996 2011 1997 2098 ζ

427 2143 605 2246 gubernari
628 2139 828 2234 consuevit.
869 2135 982 2217 AEdes
1009 2141 1086 2214 illas
1121 2137 1389 2235 Augustiuiani
1414 2141 1534 2218 adhuc
1571 2141 1771 2236 obtinent,
1797 2167 1840 2222 ac

307 2335 309 2340 .
432 2267 634 2367 quotannis
672 2265 881 2342 Dominica
923 2268 1036 2342 altera
1071 2261 1204 2338 Martii
1241 2255 1402 2352 ejusdem
1441 2265 1571 2361 templi
1610 2265 1839 2344 consecratio

434 2411 778 2484 commemoratur,
815 2415 887 2490 qua
921 2391 980 2464 die
1015 2390 1191 2464 nundinor
1225 2386 1480 2480 celebrantur,
1514 2413 1594 2486 quae
1627 2397 1837 2472 Martialium

436 2519 585 2596 nundina
612 2515 731 2593 adhuc
758 2517 950 2594 dicuntur.
1733 2537 1735 2544 '

533 2640 655 2719 LXV.
682 2641 827 2722 Ultima
864 2643 1016 2718 Venetae
1050 2636 1203 2728 ditionis
1236 2635 1438 2716 demusin
1476 2643 1667 2740 Cataiogo
1704 2645 1834 2724 nostro

434 2762 616 2860 profertur
642 2791 679 2866 5.
705 2776 831 2846 Domus
857 2773 893 2844 de
920 2769 1060 2864 navigo,
1096 2788 1176 2862 quae
1203 2763 1287 2840 urbs
1314 2765 1504 2846 Adriensrs
1538 2769 1706 2869 Episcopi
1737 2772 1835 2854 sedes

285 2885 308 2896 ⁰
431 2892 509 2988 est,
534 2919 573 2970 ac
598 2899 838 2991 cognominis
864 2896 1061 2994 provincia
1086 2917 1214 2993 caput.
1243 2895 1575 2976 &Bartholomaeo
1603 2899 1699 2981 sacra
1726 2923 1829 2996 erat,

295 3127 306 3138 ι
431 3041 472 3096 ur
507 3045 555 3096 ex
585 3021 762 3102 Comiriis
798 3049 858 3100 an.
887 3017 1256 3102 MCCCCXXXVI.
1285 3022 1526 3124 cossigirnus;
1562 3023 1620 3101 sed
1656 3025 1830 3122 posterius

436 3147 537 3222 illius
556 3169 849 3226 monumentum
874 3175 952 3226 non
977 3152 1074 3224 vidi.
1101 3145 1241 3224 Eadem
1261 3142 1356 3222 sorre
1377 3151 1439 3224 illa
1460 3145 1533 3242 est‚'
1555 3175 1666 3248 quarn
1691 3149 1837 3246 Ughel-

417 3269 502 3348 rius
526 3275 567 3347 in
594 3269 834 3346 Adriensrbus
861 3267 1045 3366 Episcopis
1071 3289 1255 3345 memorat
1269 3275 1348 3360 (a).
1378 3271 1441 3348 De¹
1469 3274 1590 3349 Virale
1617 3276 1717 3348 enirn
1748 3273 1832 3351 Me·

333 3491 334 3496 ἵ
431 3391 636 3470 diolanensr
665 3394 787 3468 Adriae
809 3393 993 3492 Episcopo
1020 3395 1070 3470 ait
1091 3423 1101 3468 ε
1126 3397 1201 3470 'Hic
1227 3399 1404 3483 Ecclesiam
1423 3404 1465 3470 ὃ.
1489 3403 1585 3474 Petri
1609 3427 1683 3474 cum
1710 3409 1834 3476 Monu-

426 3518 547 3612 sserr'o,
573 3519 628 3592 usi
647 3517 753 3615 possea
779 3525 923 3592 Fratres
947 3518 1137 3594 Humiliari
1157 3518 1466 3614 summiserunt,
1491 3525 1673 3613 aesr'firavir
1701 3527 1828 3614 (intra

429 3669 492 3724 an.
519 3639 743 3723 MCXLIII.
772 3645 808 3722 &
835 3639 1010 3735 MCL.);
1048 3669 1089 3720 oc
1122 3641 1218 3722 sorte
1252 3647 1289 3722 S.
1314 3647 1413 3724 Petri
1443 3651 1572 3728 titulus
1606 3653 1646 3725 in
1674 3651 1711 3726 S.
1739 3649 1828 3727 Bar·

430 3765 624 3859 tholomaei
667 3785 832 3842 mutatus
868 3768 1003 3844 deinde
1040 3767 1120 3844 est.
1158 3769 1382 3848 Patauinum
1422 3796 1546 3850 aurem
1586 3776 1746 3852 domum
1786 3781 1826 3854 iu

428 3911 587 3990 utroque
625 3893 808 3990 Carelogo
848 3891 973 3968 nostro
1012 3893 1182 3972 omissam
1220 3896 1406 3972 ridemus.
1445 3899 1517 3974 Sed
1555 3901 1653 3974 iilius
1694 3897 1823 3980 scilicet

430 4015 608 4092 fundator
636 4015 704 4092 suit
732 4017 900 4094 Tiberius
926 4015 1166 4111 Parmensis,
1199 4020 1260 4117 qui
1290 4044 1349 4098 an.
1376 4018 1606 4098 MCCCLV.
1634 4025 1826 4106 Generalis

349 4225 352 4234 Ι
429 4143 729 4220 Humiliarorum
759 4143 936 4243 Magister
963 4143 1069 4233 jussus
1097 4142 1172 4237 est,
1199 4161 1241 4218 ut
1267 4146 1423 4220 vidimus
1452 4147 1538 4222 Vol.
1553 4147 1583 4223 I.
1611 4177 1693 4248 pag.
1718 4173 1823 4250 123„

430 4287 473 4344 ut
502 4291 583 4342 non
610 4266 768 4362 potuerit
794 4267 948 4364 proinde
974 4270 1040 4342 ulli
1064 4291 1110 4342 ex
1131 4265 1310 4362 prioribus
1337 4266 1479 4345 duobus
1499 4268 1693 4370 Catalogis
1719 4280 1829 4372 addi,

1609 4397 1644 4472 S.
1659 4398 1771 4474 Fran·

499 4549 544 4627 (a)
562 4551 627 4612 nar.
647 4549 721 4611 διον.
742 4549 780 4611 Τ.
804 4551 851 4610 11.
