4020 5490
183 663 186 668 ¹
436 565 941 652 Annorrrrotrrnus
981 593 1356 658 terosrartn:
1473 593 1547 673 397

186 686 290 761 ratiis
316 689 361 766 de
390 691 647 792 Primolo‚·&
678 701 834 778 Alberto
861 702 906 777 de
935 701 1150 802 Capitaneis
1175 707 1220 783 de
1248 707 1399 798 Scalve,
1436 705 1475 778 d(
1503 701 1593 777 Ber·

189 813 313 889 tulino
346 816 391 892 de
418 821 573 900 Scarotis
607 823 779 902 Notariis
805 825 1022 927 Pergameo.
1063 831 1211 909 testibus
1250 833 1425 928 rogatis,
1464 851 1593 903 coram

180 943 385 1020 ¹venerabili
413 949 494 1023 viro
520 945 572 1024 D.
600 945 790 1026 frederico
815 953 860 1028 de
885 951 1073 1052 Garganis
1096 955 1296 1035 Canonico
1324 949 1587 1052 Pergamensr,

183 1065 336 1146 Vicario
363 1071 526 1171 Capituli
554 1073 712 1155 Ecclefie
738 1079 986 1179 Pergameo,
1012 1103 1054 1160 ut
1088 1084 1203 1164 asserit
1218 1139 1229 1176 ,
1254 1079 1466 1180 Episcopali
1494 1077 1590 1154 Sede

180 1215 361 1292 vacante,
389 1197 787 1300 comparetJaeobinus
813 1259 823 1282 .
853 1262 862 1282 .
890 1261 899 1283 .
928 1207 1095 1285 sindicus
1122 1214 1158 1288 dt
1186 1227 1429 1306 procurator,
1454 1209 1491 1280 ὃ(
1517 1201 1591 1277 snt·

178 1315 318 1400 dicarlo
345 1329 382 1404 de
409 1330 661 1424 procuratorio
692 1334 849 1410 nornine
879 1335 1095 1410 venerabilis
1121 1333 1187 1408 riri
1207 1329 1332 1428 Jacobi
1359 1331 1404 1404 de
1427 1325 1588 1405 Lemine
1658 1383 1663 1394 -

174 1437 255 1522 Del
282 1455 319 1528 dt
348 1449 559 1548 Apostolice
586 1456 688 1532 Sedis
726 1461 841 1556 gratia
879 1455 1033 1534 Ordinis
1060 1455 1363 1534 Humiliatorutn
1389 1452 1585 1530 Generalis

174 1569 348 1671 Magistri
375 1573 470 1672 din,
511 1576 669 1658 offerens
696 1579 730 1656 se
756 1582 854 1658 dieto
884 1584 1041 1659 nomine
1078 1601 1248 1682 paratum
1287 1579 1445 1676 recipere
1483 1577 1586 1652 illam

174 1698 485 1798 responsionem,
513 1729 626 1803 quam
654 1705 725 1803 ipse
753 1707 804 1783 D.
833 1703 1043 1786 Fredericus
1069 1707 1186 1785 secere
1211 1707 1374 1784 voluerit
1400 1704 1493 1781 diste
1520 1727 1584 1802 ap·

159 1819 394 1926 pelle'tiooi,
422 1831 449 1906 st
475 1858 588 1932 quant
616 1829 733 1909 sacere
760 1838 839 1910 vult
866 1841 903 1912 dt
929 1837 1115 1928 intendit,
1141 1857 1281 1932 rogans
1305 1857 1367 1908 me
1379 1831 1584 1907 Notarium

160 1954 471 2054 infrascriptum,
496 1979 538 2032 ut
564 1961 609 2032 de
637 1961 804 2053 predidlis
830 1959 1018 2054 publicum
1044 1957 1241 2034 conficiam
1268 1955 1583 2035 instrumentum.

162 2135 170 2146 -
273 2081 353 2158 Die
379 2079 643 2182 suprascripto,
671 2086 782 2177 loeo,
808 2087 845 2162 dt
872 2083 1043 2176 testibus,
1083 2077 1337 2178 suprascriptus
1363 2081 1415 2156 D.
1445 2081 1577 2158 Frede-

166 2210 266 2289 ricus
283 2199 386 2300 tre,
413 2211 579 2305 occupati
607 2209 754 2287 diversts
783 2211 976 2308 negotiis,
1013 2215 1051 2288 dt
1079 2233 1157 2284 non
1187 2211 1492 2306 volentesptene
1516 2210 1580 2284 de·

165 2339 325 2416 liberare
352 2331 457 2428 super
483 2331 722 2432 responstone
748 2354 1013 2413 contentorum
1053 2337 1093 2410 in
1131 2318 1378 2434 appellatione
1421 2335 1578 2433 perdide

166 2465 210 2539 in
240 2480 315 2538 tam
343 2459 441 2535 brevi
471 2477 671 2558 tempore,
709 2461 819 2563 usque
859 2461 903 2537 ad
943 2459 1147 2537 terminum
1181 2454 1270 2546 iuris
1305 2485 1577 2557 prorogamus5

165 2587 229 2688 qui
257 2583 453 2682 Jacobinus
478 2585 576 2662 didio
603 2587 761 2662 nomine
787 2588 904 2680 dixit,
931 2591 968 2664 dt
997 2586 1212 2684 protestatus
1237 2583 1333 2678 suit,
1368 2587 1471 2686 quod
1498 2585 1571 2684 ipse

164 2717 249 2785 'eron
277 2710 462 2787 consentit
490 2709 554 2808 ipsi
583 2713 772 2804 termino,
799 2735 867 2786 nee
896 2711 960 2809 ipsi
987 2715 1264 2811 prorogationi,
1295 2737 1362 2788 nec
1388 2718 1426 2789 in
1451 2713 1571 2814 ipsum

161 2829 217 2910 D.
245 2833 501 2930 Frederictrm,
528 2856 568 2909 ut
595 2836 634 2912 in
664 2835 772 2914 snum
799 2836 897 2912 dido
924 2836 1081 2910 nomine
1105 2833 1290 2928 judicem,
1320 2863 1386 2914 nee
1412 2841 1451 2916 io
1479 2866 1570 2920 eum

159 2980 371 3058 prorogat,
411 2985 479 3036 nec
508 2982 708 3058 prorogare
738 2960 903 3036 intendit
938 2962 1099 3058 aliquam
1135 2957 1456 3060 ittrisdidiooem‚
1502 2991 1570 3042 nee

158 3090 327 3166 recedere
354 3088 400 3164 ab
425 3087 673 3187 appellatione
702 3109 765 3182 per
791 3111 880 3163 eum
905 3085 1005 3162 dieto
1032 3085 1188 3160 nomine
1215 3085 1466 3184 interposite,
1505 3089 1566 3168 sed

158 3216 203 3292 in
230 3238 274 3292 ea
302 3211 442 3313 semper
469 3209 711 3313 persistendo.

264 3341 342 3419 Die
368 3343 490 3436 lune,
530 3343 637 3419 tertio
663 3341 905 3437 Decembris,
941 3343 981 3419 in
1008 3340 1245 3443 suprascripto
1272 3345 1356 3421 loco
1385 3343 1561 3441 presenti·

157 3469 227 3546 btts
254 3467 412 3543 Alberto
437 3467 482 3544 de
508 3467 724 3569 Capitaneis
749 3471 794 3546 de
822 3469 971 3561 Scalae,
998 3473 1035 3546 dt
1062 3466 1255 3546 Bertulino
1288 3473 1333 3547 de
1359 3473 1562 3563 Scarottis,

155 3599 195 3675 ds
223 3595 379 3672 Simone
404 3593 449 3668 de
475 3591 687 3690 Capiraneis
712 3593 757 3671 de
782 3593 910 3672 Sealre
933 3593 1100 3672 Notariis
1126 3595 1361 3691 Pergameas
1391 3597 1560 3690 testibus,

154 3719 410 3820 suprascriptus
436 3717 490 3796 D.
517 3717 750 3814 Prcdericus,
784 3717 1043 3817 respondendo
1070 3714 1265 3815 sttpradide
1293 3726 1561 3819 appellationi,

155 3847 184 3926 st
214 3849 409 3946 appellatio
437 3847 505 3922 dici
535 3843 686 3944 potest,
719 3843 933 3941 interposite
961 3869 1006 3920 ex
1035 3869 1133 3940 parte
1160 3834 1383 3946 snp‘rascripti
1413 3847 1559 3944 Jacobi-

156 3979 237 4056 ni..
263 4029 274 4051 .
299 4031 310 4051 .
337 3976 440 4050 dietis
470 3971 717 4066 nominibus,
755 3973 880 4064 dixit,
914 3973 1013 4070 quod
1050 3997 1128 4047 non
1166 3973 1277 4048 credit
1305 3971 1463 4048 intulisse
1493 3997 1560 4048 nec

151 4101 272 4181 secisse
298 4102 446 4202 aliquod
474 4125 674 4197 gravamen
704 4095 844 4194 prefato
872 4094 924 4170 D.
953 4093 1092 4191 Jacobo
1117 4097 1161 4170 de
1188 4095 1381 4190 Lemine,
1421 4099 1481 4195 qui
1519 4096 1556 4173 se

151 4234 237 4308 dicit
268 4227 488 4324 Magirlrtsm
514 4225 668 4304 Ordinis
696 4225 1027 4314 Humiliatorum,
1070 4245 1138 4297 nec
1174 4221 1238 4317 ipst
1272 4222 1445 4314 Ordini3
1486 4220 1554 4302 nde

148 4357 225 4447 eins
251 4355 677 4451 intentionis-amquam
706 4349 801 4444 snit,
827 4375 893 4425 nec
919 4347 995 4442 est,
1032 4351 1152 4426 eidem
1183 4352 1240 4425 vel
1266 4347 1401 4426 Ordini
1431 4357 1551 4448 predi.

151 4485 209 4560 dio
234 4479 373 4559 inserre
411 4479 468 4554 vel
501 4475 659 4556 intulisse
693 4501 889 4575 gravamen
926 4479 1072 4576 aliquod
1113 4473 1193 4572 ipsis
1234 4501 1302 4550 nec
1336 4481 1450 4572 aliis3
1490 4480 1553 4560 sed

148 4605 292 4708 semper
316 4602 386 4684 suit
412 4605 451 4682 dt
476 4601 526 4680 esi
552 4621 697 4702 paratus
722 4603 762 4682 io
782 4601 858 4693 ejus
884 4601 1008 4680 officio
1028 4601 1248 4700 cuicumque
1273 4599 1361 4691 juste
1385 4609 1554 4702 comple.

1395 4757 1500 4807 men·
