4032 5482
453 529 1371 624 lenocinante-nssummer.
1495 553 1567 634 155

213 655 330 758 lcopil
350 669 378 753 ,3
395 654 635 752 Prcrbiteris,
667 656 935 754 Diacou'ibus,
970 660 1215 763 omnibusque
1244 661 1474 760 Braepofiris,
1501 663 1620 740 Mini-

213 787 392 880 llris,.ac
417 785 637 864 [tectoribus
662 784 911 868 Ecclcfiarunt
940 787 1053 878 totius
1079 789 1212 865 nollrae
1240 789 1437 886 legationis
1474 793 1511 876 dc
1539 813 1622 885 pro·

209 912 351 990 :rinciae
380 915 418 990 in
445 911 598 992 Chrillo
623 914 802 996 salutem·
841 918 904 995 Ad
931 915 1009 992 haec
1037 917 1161 994 nostra
1187 917 1406 1014 regimina,
1441 913 1621 992 nostram-

207 1065 291 1142 ·que
319 1043 572 1120 aulloritatem
600 1043 709 1122 nobis
731 1043 862 1126 divina
893 1043 1085 1141 dispositio
1121 1043 1280 1140 tribuit,
1318 1063 1361 1118 ut
1396 1045 1462 1142 piis
1496 1040 1620 1117 lludiis

216 1168 707 1269 &riprolestibusallensusn
725 1173 985 1270 praebeamus,
1007 1201 1047 1252 ac
1075 1199 1140 1272 pro
1168 1169 1433 1265 uiribus,Deo
1459 1169 1621 1264 largien-

219 1313 286 1387 te,
310 1295 592 1372 subveniamus.
619 1293 853 1396 Quapropier
879 1297 1000 1374 vestrae
1028 1295 1231 1382 innotescat
1254 1295 1494 1390 discretioni,
1518 1296 1620 1396 quod

203 1415 807 1519 ReliginpquaeHumiliatorurn
833 1425 1032 1522 appellatur
1060 1427 1114 1518 (3)
1130 1479 1141 1516 ,
1157 1429 1338 1503 &eorum
1366 1421 1480 1514 studia
1503 1408 1616 1521 (quar

207 1541 439 1643 ubicumque
468 1563 646 1617 terrarum
675 1541 803 1642 fiunt,
830 1549 955 1624 nullus
981 1548 1076 1646 apud
1102 1546 1234 1638 Deum
1273 1552 1310 1626 dc
1337 1549 1510 1624 homines
1538 1575 1622 1646 pro-

213 1667 328 1748 ficere
356 1672 530 1769 ignorat)
556 1666 769 1748 Venerabili
797 1673 976 1750 Domino
998 1674 1217 1773 Apostolico
1242 1673 1469 1762 Innocentio
1497 1677 1620 1776 nobil·

211 1819 287 1896 quc
316 1801 556 1894 placuerunt,
582 1823 665 1876 cum
688 1799 732 1878 ,in
761 1797 843 1874 fidei
874 1786 1082 1898 integritate
1109 1800 1250 1876 Sandlae
1280 1798 1410 1876 nollrae
1433 1802 1621 1882 Romanae

207 1917 383 2004 Ecclcfioe
423 1950 485 2022 per
523 1923 669 2018 divinas
703 1923 906 2023 Scripturas
942 1925 989 2002 ab
1013 1923 1247 2004 Orthodoxis
1272 1925 1440 2006 Ecclefiae
1478 1926 1623 2028 probati

212 2047 317 2147 fior,
344 2056 382 2130 dc
408 2051 608 2130 examinati
635 2049 829 2146 insiliant,
863 2053 1031 2128 maxime
1057 2077 1144 2162 cum
1173 2052 1323 2148 Regina
1348 2055 1623 2136 circumamista

215 2178 457 2258 varietatibus
482 2203 504 2254 a
528 2177 665 2254 dextris
689 2175 822 2276 Sponfi
853 2173 995 2253 sedeate
1034 2173 1148 2256 Unde
1188 2177 1341 2254 vellram
1377 2179 1416 2256 in
1444 2175 1624 2256 Domino

214 2301 493 2400 benignitatem
526 2303 804 2396 exhortamur,
841 2325 1023 2402 quatenus
1058 2306 1102 2378 ad
1139 2328 1271 2382 eorum
1306 2303 1507 2403 Colloquia
1546 2304 1623 2384 five

77 2498 85 2518 ,
217 2426 461 2507 Parlamcnra
486 2429 565 2526 (4),
590 2451 635 2503 ex
655 2428 784 2527 quibus
805 2432 923 2507 multa
945 2429 1044 2505 bona
1059 2427 1134 2504 Dei
1161 2431 1279 2524 gratia
1305 2431 1499 2528 procedere
1518 2453 1623 2508 com..

214 2577 367 2656 pertum
392 2554 469 2650 est,
495 2551 645 2657 quisque
670 2552 829 2632 vestrum
856 2553 885 2631 st
911 2547 951 2631 in
980 2553 1041 2632 sua
1069 2556 1233 2648 (viderur
1255 2555 1385 2655 aliquid
1407 2555 1528 2648 deeffe)
1555 2559 1615 2636 vel

212 2683 293 2764 fieri
322 2684 508 2764 voluerint
537 2679 717 2758 Parochia
744 2677 855 2758 inelle
880 2681 1030 2757 debeat.
1069 2677 1182 2782 Quod
1220 2679 1247 2760 sa
1283 2679 1440 2760 vestrum
1479 2681 1613 2782 aliquis

211 2813 373 2890 minime
399 2805 610 2886 voluntarie
635 2800 751 2881 adesse
778 2807 1052 2899 procuraverit,
1078 2805 1230 2904 presenti
1258 2810 1418 2906 pagina,
1454 2807 1611 2888 anunn-
1694 2838 1698 2844 ·

211 2959 316 3035 tate,
341 2954 414 3042 qua
441 2941 486 3016 ab
509 2932 721 3036 Apostolica
747 2932 841 3010 Sede
866 2929 1088 3048 fungimur,
1121 2933 1363 3030 precipiendo
1390 2931 1492 3010 vobis
1515 2957 1610 3010 coe-

213 3069 434 3162 llituimus,
472 3089 523 3142 ne
545 3065 590 3140 de
615 3085 736 3140 cetero
763 3063 938 3153 illorum,
965 3061 1027 3162 qui
1054 3059 1251 3136 Humiliati
1278 3059 1470 3168 dicuntur,
1494 3059 1617 3134 collo·

216 3196 406 3302 quinisve
431 3185 661 3292 parlame'nta
681 3237 701 3285 ‚·
733 3190 954 3288 ubicumque
980 3211 1031 3264 :ca
1066 3185 1285 3284 posuerint,
1324 3206 1388 3262 aut
1416 3177 1552 3289 ponere
1581 3189 1620 3264 dc

216 3323 347 3418 farere:
363 3319 582 3411 voluerint,
620 3317 795 3415 impedire
822 3335 884 3406 aut
912 3311 1133 3410 prohibete,
1162 3335 1229 3386 nec
1255 3309 1462 3407 perturbare
1490 3309 1624 3412 prolu-

218 3453 352 3530 natis.
374 3445 441 3524 ·Et
473 3439 791 3543 fiqtris·ueldrum
829 3440 1134 3541 hancpaginam
1176 3435 1307 3512 nollrae
1344 3433 1621 3537 constitutionis

222 3571 368 3667 sciens,
408 3567 533 3648 nollra
567 3569 743 3664 placenta
768 3564 928 3641 minime
962 3557 1161 3662 transgredi
1197 3561 1394 3654 timuerit,
1433 3559 1518 3636 sciat
1538 3583 1618 3664 ,nos

219 3696 397 3793 iudicium
422 3695 512 3774 inde
538 3691 673 3782 iulium
702 3694 1016 3788 pronuntiaturos,
1027 3688 1133 3786 leque
1152 3689 1304 3784 dignam
1327 3687 1613 3792 retributionem

223 3825 495 3926 suscepturum.
532 3814 645 3914 Unde
681 3817 787 3914 plura
820 3839 889 3914 per
916 3810 1154 3914 Mayfredum
1189 3797 1441 3906 Predariuot,
1478 3815 1516 3892 dt
1556 3832 1622 3905 nte
1732 3919 1740 3924 .

882 3995 886 4004 ·
931 3937 970 4022 U
1022 3963 1080 4019 22
1486 3935 1577 4016 Bos-

262 4133 344 4194 lullle
363 4131 486 4206 pluribus
504 4129 605 4192 aclane
623 4123 808 4201 probabilibus
824 4139 904 4196 argu·
943 4118 986 4194 (3)
1004 4119 1060 4178 Hae
1079 4119 1199 4192 primum
1217 4115 1434 4176 amitternum
1452 4115 1559 4186 Religio
1576 4131 1626 4187 ap·

257 4231 360 4293 mentis
378 4229 492 4288 innixus
510 4219 903 4300 sosptearnrJuttnrusmtc
978 4218 1120 4292 pellatur,
1140 4211 1218 4288 quod
1246 4229 1515 4292 nonnumquam
1530 4212 1627 4274 halie-

254 4331 321 4404 p'ag.
339 4349 380 4398 η.
406 4329 452 4386 Ex
473 4329 572 4394 nostris
595 4344 688 4393 nutem
715 4326 788 4389 hllce
815 4323 935 4387 literis-
980 4339 1032 4380 uus
1060 4322 1094 4378 iu
1112 4314 1427 4378 monumentsmstno
1443 4329 1600 4380 occurrerat
1618 4353 1631 4378 .

260 4431 387 4506 Ugbellti
407 4443 485 4487 error
503 4423 639 4486 refellitur
652 4466 662 4495 ‚
675 4429 732 4499 ,qui
750 4425 906 4486 Getardurn
979 4419 1091 4480 Deinde
1111 4419 1409 4482 verolamiensem
1423 4415 1554 4488 Relatio,
1578 4431 1633 4486 aut

261 4531 352 4590 allec.
370 4523 485 4588 octobr.
504 4520 615 4590 huiusce
639 4525 704 4580 anni
725 4523 907 4584 Albenenlent
982 4519 1055 4580 Ordo
1073 4515 1193 4591 usurpari
1212 4516 1306 4590 palltm
1327 4515 1428 4586 caepit.

262 4619 636 4698 menandrianorum
655 4617 735 4688 laide
753 4623 862 4690 luatur·
937 4617 988 4699 lt)
1000 4588 1576 4710 tremimusvot1.1)nrerr.tt,nunp.
1586 4616 1628 4680 ll·
