4032 5482
484 531 559 606 124
711 509 1160 590 llo-urtvnronuu
1200 503 1595 616 Mouounuaa

440 635 643 710 vestrorum
680 639 803 712 nullus
830 639 993 712 omnino
1025 636 1154 714 Laicus
1189 660 1210 710 a
1237 634 1338 711 vobis
1363 635 1528 710 decimas
1555 625 1737 728 presumat
1763 627 1838 702 exi·

436 784 555 858 gere,
593 777 656 838 aut
681 783 747 836 vos
772 760 904 872 exin-dc
929 760 1137 856 perturbare
1161 788 1183 868 ει
1206 755 1322 866 Quod
1354 759 1380 836 sa
1420 755 1507 830 ausu
1527 752 1731 864 reluctatio
1759 769 1836 848 pre·

360 874 364 884 ’
436 883 658 980 sumpserit,
693 889 729 962 δι
757 886 864 960 tertio
889 888 1143 962 commonitus
1170 911 1249 961 non
1278 886 1495 987 resipuerit,
1526 877 1827 956 excommunica·

443 1009 553 1082 tionis
578 1010 719 1082 ultione
745 1008 942 1103 plectatur.
981 1009 1214 1105 Sepulturam
1250 1005 1538 1112 qrroque¹ipfitu
1572 1005 1644 1078 loci
1672 1003 1825 1078 liberam

439 1133 506 1209 clle
530 1136 788 1228 concedimus,
814 1155 855 1210 ut
877 1149 1008 1211 eorum
1029 1139 1247 1229 deuotioni,
1275 1141 1312 1213 bt
1337 1158 1510 1213 extremae
1536 1129 1748 1223 voluntati,
1770 1125 1831 1227 qui

433 1251 468 1330 sc
495 1258 568 1330 illic
594 1253 741 1354 sepeliri
771 1258 1076 1354 deliberaverint,
1106 1259 1174 1336 nili
1202 1258 1297 1336 sorte
1322 1261 1659 1352 excommunicari,
1689 1260 1747 1332 vel
1775 1257 1834 1332 in-

436 1381 573 1456 terdidli
601 1379 704 1477 sant,
732 1388 852 1463 nullus
878 1384 1058 1480 obsistat,
1090 1385 1187 1462 salva
1216 1408 1340 1466 tamen
1367 1386 1504 1464 iustitia
1529 1387 1677 1466 illarum
1702 1383 1834 1460 Eccle-

436 1503 604 1600 flatum,
631 1535 651 1584 a
677 1513 807 1611 quibus
832 1531 1066 1598 mortuorum
1092 1511 1260 1609 Corpora
1285 1510 1517 1598 assumuntur
1542 1517 1620 1608 (ζ).
1648 1509 1827 1586 Praeterea

434 1633 543 1714 liceat
579 1633 680 1709 vobis
715 1636 910 1728 clericor,
945 1638 1002 1710 vel
1036 1633 1165 1715 Laicos
1199 1639 1332 1716 liberos
1366 1645 1403 1720 δι
1431 1639 1617 1722 absolutos
1642 1634 1831 1720 elacata

436 1749 620 1856 fugientes
646 1757 690 1832 ad
713 1759 993 1848 convertionem
1020 1764 1176 1858 recipere
1199 1815 1212 1854 ‚
1236 1765 1274 1840 dt
1300 1764 1341 1870 in
1362 1763 1481 1840 -vellra
1500 1760 1674 1846 ,Ecclesia
1693 1758 1828 1860 absque

436 1880 732 1957 contradidione
763 1885 886 1983 aliqua
918 1888 1105 1963 retinere.
1145 1886 1250 1964 Nulli
1272 1901 1417 1988 quoque
1441 1887 1596 1992 fratrum
1622 1883 1832 1964 vestrorum

436 2007 516 2108 post
549 2004 683 2084 saltam
718 2013 874 2087 inloco
909 2012 1026 2090 vellro
1066 2010 1319 2110 prosellionena
1351 2010 1405 2089 sas
1433 2012 1478 2090 fit
1505 2014 1551 2088 de
1570 2009 1709 2087 'eodem'
1735 2011 1825 2086 loco

435 2131 510 2210 sane
537 2134 684 2210 licentia
715 2132 902 2233 Proepnfiti
920 2137 989 2220 tsui
1029 2136 1096 2212 nisr
1123 2136 1282 2216 obtentu
1316 2138 1460 2214 attioris
1493 2137 1685 2232 religionis
1709 2133 1826 2212 disoea'

440 2259 550 2350 dere.
571 2256 832 2336 Discedenrern
846 2283 933 2338 vero
955 2257 1084 2360 absque
1096 2263 1365 2340 communium
1384 2259 1610 2341 Litterarum
1628 2255 1830 2336 vestrarum

438 2384 613 2458 cautione
640 2386 763 2458 nullus
790 2387 928 2468 audeat.
938 2385 1128 2466 retinere.
1166 2383 1339 2486 Obeunm
1365 2407 1451 2460 vero
1479 2405 1515 2462 te
1541 2409 1642 2461 nune
1667 2381 1830 2462 eiusdem

431 2507 502 2578 loci
534 2505 752 2601 Praeposuo,
781 2509 837 2580 vel
860 2527 1012 2580 urorum
1034 2504 1197 2602 quolibet
1217 2505 1492 2602 successorum,
1519 2509 1714 2601 malluasibi
1732 2515 1827 2607 qna·

434 2632 524 2708 libet
553 2630 794 2726 subreptionis
821 2630 980 2722 astutia,
1015 2627 1075 2707 seu
1112 2632 1289 2709 violentia
1307 2649 1581 2729 preponatur,
1617 2631 1686 2708 nisr
1712 2655 1824 2731 quent

434 2750 563 2830 fratres
586 2755 778 2829 communi
804 2752 1013 2854 consensu„
1048 2756 1106 2828 vcl
1132 2751 1299 2834 fratrum.
1317 2781 1396 2855 para
1413 2756 1564 2836 consilii
1592 2759 1745 2836 sanioris
1768 2758 1825 2836 se·

437 2887 603 2986 cundum
627 2882 754 2960 Deum
778 2939 788 2974 ,
820 2887 858 2960 bt
892 2881 989 2960 beau
1013 2881 1200 2960 Beucdidli·
1223 2885 1395 2975 regulam·
1416 2885 1663 2981 ,providerint
1682 2887 1823 2984 eligen-

435 3013 525 3098 dum
548 3064 558 3085 .
583 3006 841 3086 Decernimus
876 3035 966 3108 ergo
993 3029 1032 3084 ut
1061 3008 1152 3101 nulli
1171 3009 1347 3084 omnino
1367 3009 1568 3102 hominum
1598 3011 1703 3088 liceat
1729 3037 1819 3110 prae·

435 3133 547 3241 favam
576 3135 774 3218 Ecclesiam
802 3132 1199 3232 temere'pertirrbnm
1220 3135 1379 3209 auteiui
1401 3133 1791 3231 polselsronesfauserre
1809 3169 1830 3232 ‚²

434 3267 491 3342 vel
518 3265 654 3340 ablatas
677 3265 833 3339 retinere
856 3317 870 3354 ,
892 3260 1062 3335 minuere
1084 3315 1096 3352 ‚
1118 3281 1183 3336 aot
1209 3263 1429 3360 quibuslibet
1451 3262 1709 3338 .vcx'ationibus
1735 3262 1822 3340 sati·

433 3409 555 3494 gare,
586 3385 645 3462 sed
669 3390 799 3464 omnia
826 3390 1002 3486 integra,
1036 3389 1072 3461 dt
1099 3385 1240 3459 illibata
1268 3379 1610 3464 serventur-eorum
1637 3413 1702 3485 pro
1730 3413 1821 3488 quo·

334 3547 337 3552 ·
434 3537 518 3590 rum
531 3512 802 3608 gubernatione
822 3533 862 3586 ae
885 3506 1145 3585 sustentatione
1166 3507 1327 3584 concessa
1349 3507 1433 3588 suut
1456 3510 1575 3586 usibus
1594 3512 1823 3588 omnimodis

441 3634 664 3735 profutura,
690 3637 787 3712 'salua
814 3635 916 3710 Sedis
943 3631 1146 3728 apostolica
1173 3633 1414 3726 aradorium,
1439 3637 1475 3710 dc
1502 3633 1713 3710 Diacesani
1732 3635 1820 3734 Epi·

434 3761 529 3859 scopi
554 3763 732 3840 canonica
762 3759 919 3836 iustitia.
945 3757 997 3832 .Si
1031 3781 1102 3854 qua
1120 3747 1250 3852 'igitur
1284 3760 1323 3831 in
1357 3754 1525 3833 sutuuvm
1558 3755 1814 3850 ecclesiastica,

428 3885 648 3967 secularisve
689 3884 842 3982 persona
880 3882 974 3958 hanc
1011 3881 1141 3956 nollrae
1178 3878 1454 3954 constitutionis
1494 3881 1664 3980 paginam
1706 3883 1819 3970 scient

435 4035 564 4094 contra
590 4037 670 4088 eam
699 4031 837 4088 temere
862 4013 989 4085 venire
1018 4005 1279 4100 temptaverit,
1312 4001 1503 4096 secundo,
1537 4008 1691 4086 tertiove
1718 4034 1846 4086 com··

431 4145 600 4234 monita,
627 4137 695 4214 nisi
723 4157 864 4212 reatum
889 4129 994 4208 suum
1013 4131 1123 4226 digna
1143 4125 1383 4204 satisfactione
1409 4132 1625 4222 correxerit,
1658 4132 1809 4230 potesla-

425 4275 508 4365 vis,
539 4262 764 4364 honorisque
792 4259 842 4335 sui
868 4257 1045 4348 dignitate
1072 4273 1223 4346 careat,
1256 4273 1427 4347 reamque
1457 4247 1491 4325 se
1516 4251 1645 4330 divino
1673 4257 1805 4332 iulicio

614 4403 620 4412 ·
690 4397 698 4408 ·
1694 4401 1770 4454 exr-

346 4533 349 4542 ⁵
434 4546 476 4625 lt)
494 4544 570 4614 vlle
586 4539 659 4606 tata
675 4543 796 4601 motet·
813 4527 848 4594 ad
866 4530 992 4594 Manum·
1010 4549 1054 4592 an.
1073 4525 1269 4590 MCCXXX·
1289 4545 1330 4588 ιο.
1351 4525 1430 4588 tur.
1448 4540 1542 4614 aanor·
1565 4545 1609 4584 rr.
