4028 5492
448 525 1359 612 Auuonntroureusretortum·
1474 517 1551 617 '277

197 641 372 726 dixerunt
399 655 436 730 dt
465 655 647 750 protestati
676 653 862 751 fuerunt,
900 663 950 738 ἁ.
970 658 1070 760 quod
1104 658 1216 757 ipsam
1247 653 1499 732 uenditionem
1533 645 1600 744 ipli

143 855 147 862 ,
192 771 295 851 fratri
326 776 462 854 andree
489 777 646 877 pr'edidlo
676 787 790 861 modo
817 790 854 864 δε
884 781 1037 858 nomine
1064 779 1254 874 lecerunt,
1280 799 1322 855 ut
1349 775 1389 851 in
1406 767 1594 848 ‘omuibus

188 903 318 1018 §epea
345 909 475 982 omnia
502 912 717 986 continetur
746 915 783 988 in
811 913 974 1012 quodam
1003 909 1149 1008 publico
1182 907 1433 983 inssrumento
1459 897 1594 975 tradito

188 1049 258 1122 ¹pet
281 1028 505 1122 gualterium
546 1037 818 1132 panigarrolam
859 1039 1049 1112 notarium
1086 1035 1293 1110 milleximo
1328 1026 1595 1104 ducenteximo

192 1150 498 1249 quinquagefimo
523 1155 612 1232 lello
632 1164 690 1235 die
704 1160 825 1236 Sabati
848 1162 993 1237 decimo
1013 1161 1071 1236 die
1095 1135 1190 1235 aute¹
1205 1160 1277 1234 kal.
1295 1151 1471 1266 AuguEt
1493 1149 1594 1251 quod

187 1271 302 1368 ipsam
331 1279 587 1357 venditionem
615 1287 648 1360 ei
675 1281 841 1366 fecerunt
878 1287 1037 1383 prodidio
1064 1288 1221 1363 nomine
1258 1285 1303 1360 de
1344 1282 1512 1379 parabola
1551 1266 1606 1361 δι’

185 1395 365 1476 consensu
394 1403 557 1501 ipsorum
585 1405 740 1484 fratrum
766 1409 1000 1488 &sororum
1039 1412 1123 1490 lieet
1158 1407 1280 1500 forent
1316 1407 1514 1497 absentet;
1550 1407 1589 1486 ἃ

185 1525 285 1625 quod
312 1527 376 1600 illa
404 1527 572 1604 venditio
597 1530 690 1610 faeie
718 1531 788 1612 fuit
816 1533 908 1624 juno
934 1535 1083 1634 pretio,
1120 1537 1158 1613 dt
1183 1533 1282 1634 quod
1315 1533 1400 1608 data
1427 1531 1478 1608 est
1504 1531 1583 1628 plut

184 1648 383 1746 offerenti,
409 1659 446 1732 dt
471 1659 569 1756 quod
595 1659 641 1734 de
666 1683 710 1736 ea
735 1663 893 1758 amplius
918 1661 1043 1740 haberi
1072 1663 1151 1738 n'ori
1182 1659 1376 1760 potuiile't,
1414 1661 1452 1736 dt
1478 1657 1580 1759 quod

183 1775 402 1854 cumomni
430 1789 595 1883 tempore
624 1806 740 1861 ratam
767 1791 804 1865 dt
831 1781 978 1862 firmam
1006 1787 1140 1864 babere
1166 1789 1203 1862 dt
1232 1805 1355 1862 tenere
1382 1788 1419 1864 dt
1445 1806 1579 1866 contra

183 1922 264 1980 uon
293 1906 418 1982 venite
446 1912 601 1987 volunt.
629 1908 753 2004 Quare
781 1913 826 1986 ad
854 1909 1031 1999 majorem
1057 1910 1252 1988 cautellam
1278 1909 1423 2007 prodidii
1446 1905 1579 1986 fratres

181 2027 220 2103 dt
246 2023 386 2106 sorores
412 2035 516 2110 illam
543 2036 832 2127 venditionem,
870 2039 904 2114 bt
933 2038 1065 2112 omnia
1090 2041 1127 2115 bt
1155 2034 1295 2133 fingula
1330 2036 1465 2135 quein
1496 2061 1576 2133 pres
1628 2033 1632 2044 ’

179 2147 273 2244 dida
301 2155 515 2232 venditione
542 2161 784 2232 continentur
813 2157 966 2234 nomine
993 2161 1088 2235 illius
1113 2159 1246 2232 domus
1271 2157 1316 2230 de
1342 2159 1500 2254 planella
1526 2161 1576 2238 de

177 2272 609 2373 inamaricaverunt,
646 2277 998 2376 confirmaverunt,
1035 2287 1073 2362 bt
1100 2281 1413 2380 approbaverunt.
1452 2279 1504 2358 Et
1529 2307 1580 2364 ex

177 2383 411 2478 habundanti
437 2400 603 2484 fecerunt
630 2407 724 2484 mihi
752 2409 900 2484 notario
927 2402 1166 2505 suprascripto
1188 2405 1327 2499 modo,
1348 2403 1480 2483 scilicet
1501 2433 1574 2486 no.

173 2525 278 2602 mine
302 2529 481 2608 didarum
506 2529 691 2607 domuum
717 2531 755 2607 de
781 2528 890 2626 ipsius
914 2525 1035 2606 fratris
1062 2530 1205 2605 andteae
1231 2533 1268 2607 dt
1296 2507 1454 2618 nomine
1481 2532 1573 2609 reci«

172 2651 290 2750 pienti
318 2652 358 2730 in
384 2653 611 2732 solutionem
638 2656 878 2752 predistarum
912 2655 1165 2752 quantitatum
1200 2653 1358 2730 srmilent
1387 2653 1575 2734 venditio.

170 2801 261 2854 nem
286 2779 563 2860 &dominium
590 2781 627 2854 bt
655 2776 878 2872 polleilionis
907 2781 1186 2854 translationem
1213 2778 1258 2853 de
1284 2777 1438 2873 prodidia
1466 2782 1566 2875 petit

168 2919 262 2978 terre
287 2908 327 2984 dt
351 2904 397 2982 de
425 2904 532 2976 omni
557 2897 636 2989 iure
661 2901 707 2976 de
731 2903 770 2978 bt
797 2903 835 2976 in
862 2923 904 2978 ea
941 2905 979 2980 dt
1007 2927 1072 3000 pro
1105 2925 1148 2978 ea
1182 2902 1440 3000 pertinenti&
1468 2900 1566 2993 arlia.

170 3029 269 3103 eenti
286 3080 295 3100 .
312 3027 382 3104 „Et
416 3025 564 3126 insuper
601 3023 848 3125 promiserunt
882 3029 919 3104 bt
946 3025 1119 3122 guadiam
1146 3025 1398 3106 dederunt&
1434 3029 1573 3114 omnia

173 3149 276 3227 bona
299 3153 394 3228 diue
418 3151 553 3228 domus
577 3153 622 3228 de
649 3151 809 3249 planella
834 3150 880 3225 de
907 3151 1008 3226 intus
1036 3151 1182 3247 pignori
1210 3147 1467 3246 obligaverunt
1494 3156 1570 3238 mi·,

168 3273 211 3350 bi
252 3279 403 3360 notario
426 3275 614 3372 recipienti
643 3276 797 3350 nomine
834 3276 1015 3371 prodidio.
1057 3273 1112 3350 lta
1139 3275 1239 3375 quod
1275 3274 1389 3372 ipsam
1424 3279 1570 3376 petiam

165 3402 285 3498 campi
314 3399 449 3478 eisdem
474 3399 671 3492 domibus,
696 3399 955 3497 emptrid'tbus,
983 3403 1021 3478 dt
1046 3423 1172 3476 etrum
1197 3398 1449 3479 suceefforibus
1483 3403 1560 3481 fine

162 3521 320 3623 expensa
346 3529 384 3602 dt
407 3523 555 3604 damnis
583 3530 620 3604 dt
647 3525 724 3602 stne
748 3527 890 3600 damno
924 3527 961 3601 dt
994 3523 1184 3620 dispendio
1224 3527 1376 3604 illorum
1412 3550 1560 3627 empto·

161 3677 249 3728 rum
274 3647 475 3730 defendent
501 3652 540 3727 bt
566 3649 841 3745 guarentaburrt
871 3647 1024 3744 predida
1052 3648 1090 3722 irr
1105 3667 1214 3726 antea
1230 3652 1443 3728 venditione
1457 3650 1553 3728 sem·

158 3801 223 3876 per
250 3777 501 3852 nihilominus
528 3775 745 3850 firmitatem
774 3771 933 3848 validam
959 3771 1178 3849 obtinente.
1219 3773 1355 3850 Astum
1382 3795 1424 3852 ut
1452 3773 1559 3873 supra

157 3923 286 3976 eoram
313 3901 536 3976 beltrameto
564 3895 644 3972 filio
671 3897 724 3972 ser
750 3896 866 3972 aurici
894 3895 1015 3970 ntacbi
1041 3895 1087 3969 de
1113 3893 1232 3991 burgo
1257 3901 1453 3989 canturio.
1643 3995 1644 3998 p

259 4020 512 4100 Interluerunt
550 4022 598 4098 ibi
626 4021 732 4098 testes
758 4019 980 4096 Martinelus
1019 4015 1116 4094 filius
1154 4021 1342 4118 quondam
1377 4023 1554 4106 ambrolii

157 4152 331 4244 antonii,
357 4153 394 4226 dt
420 4149 619 4226 bonitadus
644 4145 742 4222 filius
766 4145 958 4245 quondam
986 4141 1147 4220 stremidi
1172 4143 1219 4220 de
1245 4147 1499 4244 montexello‚
1521 4155 1561 4230 ἀ

160 4277 332 4359 beltrami
353 4273 416 4350 filii
438 4273 626 4372 quondam
650 4273 789 4368 ugonis
809 4273 854 4346 de
868 4269 997 4346 erottis
1018 4271 1058 4347 dt
1073 4271 1297 4368 cantarettup
1316 4269 1419 4376 ΙἱὶΙίιιε
1435 4281 1559 4374 quon·

161 4411 249 4487 dant
276 4405 389 4498 iacobi
417 4407 462 4480 de
488 4404 614 4478 crottis
640 4425 773 4476 omnes
797 4401 842 4474 de
870 4396 947 4497 ipso
972 4397 1087 4498 burgo
1111 4397 1302 4473 canturio.

254 4533 339 4634 Ego
365 4527 482 4610 frater
509 4524 716 4606 Beltramus
740 4523 893 4604 Ordinis
918 4523 1205 4604 humiliatorum
1231 4519 1408 4624 Magister
1437 4529 1557 4629 predi.

1402 4653 1501 4734 uam
