4032 5482
484 553 536 642 96
714 545 1044 630 Drsssnmsroms
1074 563 1245 626 sarcina·
1270 542 1373 626 P-arts
1400 563 1556 625 arcena
1702 525 1709 534 ’

441 677 530 750 toris
555 697 595 749 ac
621 675 658 752 S.
680 675 798 754 Paulli
835 677 926 753 aedcs
961 676 1177 752 Humiliaris
1205 672 1433 766 attribuisse3
1473 674 1594 771 ibique
1622 662 1838 760 Ardingum

441 799 729 878 vicedominum
754 857 765 895 ,
793 799 973 902 Episcopo
996 801 1280 895 consentiente,
1307 804 1466 879 domum
1491 797 1716 896 hospitalem
1742 812 1838 869 tem·

441 929 617 1022 piumque
637 925 673 1002 S.
690 925 820 1004 Mariae
840 929 886 1002 de
912 908 1131 1021 Bethleem,
1158 951 1198 1002 ac
1217 926 1349 1002 deinde
1377 925 1413 1000 S.
1439 928 1565 999 Annae
1591 923 1842 1020 appellatum,

442 1049 649 1126 acdificalse.
678 1052 850 1128 Arbitror
877 1071 1004 1130 tamen
1032 1055 1077 1129 ad
1103 1054 1198 1129 tertii
1218 1051 1370 1128 Ordinis
1394 1053 1627 1128 Humiliatos
1651 1048 1748 1123 bec·
1762 1067 1842 1142 per·

444 1177 590 1268 tinere,
616 1201 709 1275 quos
732 1197 834 1253 certe
859 1203 920 1253 an.
937 1178 1082 1253 MCCI.
1112 1179 1306 1256 Placentia
1332 1177 1671 1256 suilielnnoccotii
1695 1155 1767 1248 Ill.
1793 1173 1842 1248 li«

443 1317 528 1374 terac
556 1303 629 1376 hoc
657 1327 762 1377 anno
789 1303 833 1376 ad
860 1303 1078 1376 eorumdem
1114 1301 1307 1381 Ministros
1341 1309 1435 1383 datae
1463 1287 1685 1381 ostendunt.
1722 1297 1844 1374 crau:

443 1423 608 1499 sirasirim
637 1449 724 1501 vero
751 1425 1049 1501 Humiliatorum
1078 1425 1274 1503 Placentiae
1299 1430 1514 1526 degentium
1539 1405 1684 1502 nullum
1712 1447 1775 1521 per
1802 1421 1850 1497 id·

444 1567 587 1644 tcmpus
611 1547 804 1644 vestigium
826 1550 1025 1625 habemus.
1053 1549 1113 1624 Ad
1140 1550 1209 1624 hos
1235 1569 1361 1626 autem
1387 1553 1600 1649 pertinent,
1624 1575 1704 1648 quae
1728 1531 1849 1626 Camss⁸

444 1676 554 1770 pius,
590 1695 631 1746 ac
654 1671 860 1768 Poggialius
885 1669 1044 1748 subdunt
1066 1704 1079 1765 ‚·
1112 1675 1227 1750 aedem
1259 1673 1394 1750 deinde
1429 1677 1542 1748 aliam
1567 1672 1842 1772 insequentibus

444 1799 552 1876 annis
579 1795 815 1873 Placentinos
847 1821 926 1872 non
953 1802 1073 1895 longe.
1096 1798 1140 1873 ab
1167 1799 1257 1876 urbe
1284 1797 1514 1873 Humiliaris'
1533 1797 1715 1892 posuisse,
1748 1799 1841 1874 olim

446 1933 594 2002 Domum
618 1945 775 2014 navam,
804 1939 884 1997 tum
910 1928 944 1996 S.
971 1926 1093 1998 Maria
1117 1925 1162 1997 ad
1186 1925 1357 2022 Argian,
1384 1946 1425 1997 ac
1445 1921 1604 2020 denique
1631 1929 1668 1995 s.
1687 1923 1848 2021 ‘Spiritus

368 2103 371 2108 -
447 2051 690 2148 appellatam
717 2070 796 2146 quae
821 2063 906 2120 cum
934 2045 1052 2144 polica
1077 2045 1196 2124 eversa
1220 2042 1339 2138 esser,
1367 2045 1599 2122 Humiliaros
1625 2047 1754 2124 urbem
1784 2047 1844 2123 in·

445 2173 605 2272 gressos,
633 2171 833 2266 eregione
854 2165 1021 2244 Ecclefiae
1041 2171 1078 2248 S.
1098 2171 1304 2250 Raimundi
1325 2169 1451 2248 stetisse
1473 2198 1520 2248 eo
1539 2169 1616 2249 sere
1635 2173 1745 2266 loco,
1773 2169 1853 2246 ubi*
2002 2261 2003 2270 ἵ

446 2323 546 2376 nunc
578 2294 651 2375 PP.
678 2294 889 2373 Carmelitae
923 2292 1129 2372 Excalceati
1164 2295 1333 2392 degunt.
1373 2292 1577 2392 Catalogus
1611 2295 1733 2372 noster
1767 2316 1841 2374 tres

450 2437 724 2502 commemorat
753 2420 1058 2500 Placentinorum
1092 2417 1390 2494 Humiliarorunr
1421 2419 1587 2494 domos:
1621 2423 1658 2495 ia
1674 2421 1778 2519 fagia
1806 2424 1846 2498 de

447 2549 613 2650 placentia
644 2569 676 2620 1.
703 2552 829 2622 Domus
848 2545 1004 2639 fratrum
1031 2542 1147 2638 sardii
1180 2535 1389 2627 raymundi5
1425 2559 1458 2613 2.
1485 2545 1611 2618 Domus
1643 2547 1680 2620 cle
1705 2549 1849 2655 argine,-

448 2696 484 2774 3.
513 2681 639 2747 Domus
665 2673 702 2746 de
721 2671 941 2758 flarenzola.
979 2665 1073 2762 Qua
1107 2690 1181 2764 quo
1207 2667 1290 2740 loco
1317 2661 1463 2759 essent,
1497 2671 1651 2766 explicat
1679 2667 1849 2766 Joannes

447 2807 493 2882 de
514 2803 642 2880 Mussrs
663 2802 845 2880 Chronici
867 2797 1076 2877 Placentini
1098 2795 1248 2888 audior,
1273 2819 1383 2894 quem
1406 2794 1537 2872 saeculo
1562 2792 1668 2871 XIV.
1690 2821 1851 2879 exeunte

454 2928 613 3006 floruisse
630 2927 862 3004 Muratorius
883 2923 1100 2998 arbitratur:
1128 2925 1169 2994 In
1189 2925 1316 3009 Porta,
1341 2919 1393 2992 alt
1414 2921 1491 3012 (a),
1512 2927 1548 2994 s.
1569 2925 1750 3000 Laurentii
1763 2924 1847 3017 suot

448 3055 668 3155 infrascripta
689 3055 831 3140 Ecclclr‘ae
926 3051 1066 3135 Ecclesia
1087 3054 1163 3120 FF.
1183 3045 1452 3120 Humiliatorum
1472 3045 1509 3120 de
1526 3051 1745 3140 Forenzola3
1764 3049 1849 3143 sanc

449 3187 595 3282 exempti
607 3211 622 3272 ,·
648 3209 709 3258 non
732 3177 829 3255 haber
847 3201 985 3252 curam.
1012 3175 1153 3260 Ecclefia
1177 3178 1347 3248 Fratrum
1372 3173 1640 3250 Humiliatorum
1665 3171 1707 3262 cll
1730 3175 1766 3249 r'n
1794 3179 1853 3257 Cr‘.

419 3315 421 3322 '
448 3314 560 3388 vitare
582 3307 755 3386 Placentia
780 3305 816 3377 in
841 3299 987 3376 domibus
1005 3321 1116 3373 eoram
1130 3297 1236 3393 juxta
1254 3293 1413 3393 hospitale
1433 3304 1467 3370 S.
1491 3301 1681 3386 Raymaudi
1702 3302 1738 3374 in
1757 3303 1853 3380 dieis

451 3442 584 3519 vicinia
610 3445 644 3513 S.
673 3429 893 3522 Raymundi:
925 3449 986 3501 oon
1010 3421 1107 3500 babet
1131 3447 1276 3498 caram.
1312 3425 1453 3509 Eccleſsa
1481 3423 1647 3500 disiacum
1672 3431 1750 3500 FF.
1777 3435 1854 3504 Hu-

451 3571 662 3648 miliatoram
687 3561 724 3634 de
749 3559 862 3656 argine
891 3554 925 3626 in
950 3551 1046 3652 bargo
1074 3557 1110 3624 S.
1130 3548 1347 3637 normandi.-
1372 3573 1433 3622 non
1459 3547 1555 3624 babet
1577 3574 1715 3624 curam.
1743 3551 1850 3631 Alte.

451 3701 526 3774 rius
550 3713 661 3792 porro
686 3687 819 3760 domus
847 3677 1079 3769 Humiliati,
1112 3675 1173 3775 qui
1198 3675 1302 3772 juxta
1329 3670 1488 3769 hospitale
1512 3679 1547 3747 S.
1572 3677 1763 3780 Raymundr'
1786 3678 1848 3754 de-

454 3821 613 3920 gebant‚
640 3806 841 3888 Ecclesiam
868 3799 1018 3899 Spiritui
1045 3799 1081 3876 S.
1108 3797 1244 3873 sacram
1270 3795 1439 3872 videntur
1463 3792 1669 3890 edificasse,
1697 3825 1776 3900 quae
1804 3803 1842 3878 in

453 3944 576 4023 Caral.
604 3959 665 4012 an.
685 3923 978 4008 MCCCXLIV.
1010 3925 1124 4000 ‘simul
1160 3948 1246 3998 curn
1278 3922 1369 3996 dama
1402 3923 1439 3998 de
1475 3921 1595 4017 Argiue
1620 3925 1847 4002 recensetur.

452 4072 545 4148 Haec
569 4085 657 4140 vero
684 4056 720 4134 S.
741 4051 892 4148 Spiritus
918 4049 1052 4126 domus
1078 4047 1122 4122 ad
1148 4065 1356 4122 extremum
1379 4040 1491 4140 usque
1509 4039 1705 4139 superfuit.
1735 4050 1844 4126 Non·

457 4200 562 4276 nulla
590 4185 698 4278 hujus
724 4181 858 4256 domus
886 4193 1206 4250 monumentarii
1224 4171 1362 4248 Codice
1389 4165 1472 4246 MS.
1500 4167 1668 4248 tabularii
1694 4173 1854 4252 Placen.

458 4324 527 4404 tini
554 4309 778 4401 seminarii,
804 4321 967 4402 excerpta
995 4301 1045 4376 ad
1069 4323 1137 4372 nos
1164 4290 1326 4370 submifir
1354 4311 1578 4368 memoratus
1602 4293 1661 4371 ct.
1682 4297 1849 4398 Poggia.

1552 4504 1555 4512 ,
1703 4425 1801 4522 lius,

530 4597 574 4672 (a)
594 4591 694 4666 Script.
712 4585 781 4644 Rer.
800 4579 866 4640 int.
884 4579 921 4638 T.
938 4575 1027 4636 xvi.
1048 4573 1100 4635 col.
1122 4592 1181 4640 m.
1331 4621 1335 4635 ,
