4052 5486
413 497 1324 590 Ausona-nunterstontuenstuens.
1460 517 1530 607 1⁶5

91 751 92 754 ‘
216 735 406 856 Gregorii
439 741 515 826 iX.
549 743 700 830 Litore
734 747 780 830 dr
815 744 1057 836 Seter'dntt'r't
1090 741 1265 852 Ecclesiae
1285 747 1352 834 SS.
1375 685 1553 854 Foniiini

317 893 369 992 db*
398 899 581 1012 Jovtrro
614 906 657 988 in
693 908 858 1020 ejusdem
893 907 1117 996 utilitatem
1152 913 1455 998 convertendis.

391 1128 467 1180 terp.
488 1112 615 1185 17.Jun.
635 1114 680 1174 Ex
696 1113 800 1176 Tabui.
819 1114 838 1177 S
862 1115 984 1178 berthol.
1001 1119 1036 1180 de
1056 1118 1236 1196 Conteguaga
1254 1120 1389 1182 brixiens.

170 1331 173 1336 .
311 1261 496 1360 Regorius
509 1262 708 1362 Episcopus
735 1264 853 1342 servus
879 1265 1067 1344 servorum
1093 1271 1151 1344 dei
1165 1271 1373 1348 Venerabili
1401 1265 1580 1355 fratri...

175 1253 303 1502 G
332 1380 514 1491 Episcopo
541 1391 723 1504 Brixiensr
750 1399 805 1488 (r)
833 1391 987 1472 salutem
1013 1396 1051 1472 bt
1078 1395 1330 1494 apostolicam
1357 1397 1579 1475 benedidio-

333 1544 444 1605 nem.
484 1521 705 1622 Proposuisti
742 1549 857 1620 nuper
895 1525 933 1598 in
972 1523 1095 1602 nostra
1126 1527 1329 1625 presentia,
1366 1525 1466 1626 quod
1510 1533 1580 1600 nos

171 1638 270 1719 olim
296 1633 389 1721 dum
417 1643 569 1722 essemus
597 1647 637 1722 in
665 1648 804 1722 minori
831 1645 954 1724 officio
979 1647 1204 1744 constituti,
1242 1655 1279 1728 dt
1314 1653 1351 1724 in
1382 1649 1572 1748 provincio

170 1760 401 1846 Lombardie
427 1771 626 1868 legationis
653 1769 776 1854 officio
811 1770 1087 1870 fungeremur,
1127 1771 1325 1850 Ecclessmr
1364 1773 1576 1852 studiorum

166 1887 335 1970 Faustini
361 1899 398 1974 ὃ(
425 1894 632 1994 invinent
660 1897 795 1978 uostris
822 1899 993 1976 manibus
1020 1896 1066 1977 ab
1093 1897 1174 1996 ipsrs
1199 1903 1389 1978 canonicis
1415 1899 1576 2000 resigna·
1658 1989 1662 1998 Ι

168 2035 276 2112 tom,
297 2023 422 2098 ordini
448 2021 604 2102 fratrum
630 2025 896 2121 predicatorum
920 2026 1092 2104 duximus
1118 2021 1369 2124 affignandam
1391 2029 1468 2120 (2),
1490 2025 1573 2122 ipfis

164 2149 391 2243 canonicis,
429 2153 551 2250 quoad
579 2153 772 2242 vixerint,
811 2147 882 2226 suis
907 2149 1093 2226 beneficiis
1121 2148 1330 2242 reservatis,
1357 2173 1453 2250 que,
1481 2176 1571 2228 eum

123 2320 126 2326 ·
162 2275 412 2364 vacaverint,
446 2275 495 2350 ,ad
523 2299 653 2352 manus
680 2272 846 2374 Episcopi
874 2273 1072 2352 Brixieusrs
1109 2275 1341 2369 deveniant,
1378 2274 1478 2364 juxta
1506 2274 1569 2358 sue

161 2400 370 2476 voluntatis
397 2399 589 2478 arbitrium
618 2403 848 2481 ordinanda.
884 2400 992 2481 Unde
1020 2398 1222 2498 postulastis
1248 2427 1270 2478 a
1299 2401 1433 2494 nobis,¹
1454 2422 1496 2480 ut
1521 2405 1567 2484 de

162 2523 268 2604 niuis
294 2520 483 2602 beneficiis·
504 2525 551 2602 fio
576 2521 729 2605 statuere
754 2527 1021 2624 dignaremur,
1047 2523 1172 2624 quod,
1196 2526 1455 2604 decedentibus
1484 2549 1564 2602 me·

161 2649 319 2732 moratis
343 2655 556 2745 canonicis,
582 2654 623 2728 in
649 2653 701 2726 eis
728 2652 786 2726 alii
817 2675 896 2729 uon
924 2650 1146 2743 succedant3
1174 2649 1232 2726 sed
1261 2651 1381 2748 potius
1408 2653 1446 2726 in
1475 2650 1563 2740 usus

158 2797 388 2875 pauperum,
412 2782 450 2855 dt
477 2775 749 2872 reparationem
776 2774 886 2872 ipsius
910 2774 1056 2852 eoeleste
1084 2777 1356 2854 sodomorum
1384 2777 1557 2874 suatum,

157 2923 231 2998 que
257 2919 478 2976 terremotus
503 2919 670 2997 tempore
695 2921 948 2992 corruerunt,
982 2925 1023 2974 ac
1050 2899 1319 2980 restitutionem
1349 2929 1554 2984 ornamen-
1605 2921 1609 2928 '

157 3039 317 3113 torum,
341 3024 471 3120 quibus
495 3025 661 3098 omniuo
686 3019 857 3098 destituta
882 3020 934 3096 est
961 3019 1035 3118 ipsa
1062 3021 1234 3116 coeletia,
1261 3049 1561 3118 epnnertantur·
1648 3053 1651 3058 ·

158 3147 246 3226 Nos
270 3173 362 3244 ergo
398 3145 572 3222 volumus
604 3151 642 3224 bu
669 3145 923 3239 mandamus,
959 3149 1130 3245 quatinus
1164 3149 1458 3247 decedentibus,
1498 3161 1556 3232 vel

159 3269 373 3350 cedentibus
400 3272 611 3362 canonicis,
637 3271 699 3370 qui
726 3271 854 3347 eadem
882 3269 1056 3348 beneficio
1083 3271 1286 3369 obtinent,
1311 3279 1356 3352 de
1384 3278 1466 3374 ipfis
1492 3280 1560 3359 sta·

160 3421 267 3496 tuas,
293 3403 403 3500 prout
423 3399 581 3476 utilitati
607 3393 752 3471 uerene
780 3416 1012 3490 memorate,
1038 3422 1078 3474 ae
1103 3400 1227 3508 ordini
1251 3402 1410 3496 predidto
1437 3403 1562 3484 secun·

94 3513 95 3516 ‘
136 3529 253 3606 dum
270 3529 391 3612 ‚deum
417 3523 546 3600 rideris
571 3523 761 3617 expedire.
789 3522 895 3598 Nutu
920 3547 1009 3621 ergo
1035 3525 1197 3600 omnino
1222 3525 1423 3603 bominum
1451 3534 1557 3608 liceat

160 3653 261 3730 beno
286 3654 458 3753 peginam
486 3647 608 3726 nostre
634 3643 878 3724 concessionis
906 3641 1103 3744 infringere
1140 3651 1195 3722 rel
1224 3651 1256 3724 ei
1283 3649 1372 3734 ausu
1399 3673 1556 3734 temera.

159 3781 219 3856 rio
241 3779 447 3854 contraire.
484 3773 523 3851 Si
553 3785 633 3872 quis
659 3791 783 3846 autem
819 3770 892 3844 hoc
925 3789 1143 3866 attemptare
1178 3772 1426 3870 presumpserit
1454 3781 1553 3856 indi-

160 3903 386 4004 gnationem
411 3897 694 3997 omnipotentis
719 3897 778 3972 dei
802 3897 842 3971 bt
861 3892 1063 3972 beatorum
1089 3897 1186 3975 Petri
1214 3897 1381 3976 &Pauli
1410 3903 1555 4001 aposto·

794 4135 804 4143 ..
1451 4029 1509 4104 lo·

1046 4155 1050 4166 ,
1339 4153 1342 4159 ,

162 4277 203 4347 (ι)
222 4273 358 4335 Brixienfi
369 4275 492 4334 Ereiefioe
501 4296 548 4350 per
564 4279 623 4340 bec
635 4295 838 4353 temporeproe·
874 4275 917 4350 (a)
944 4272 1067 4336 Tabulae
1083 4271 1134 4333 hoo
1149 4272 1183 4332 de
1204 4287 1233 4332 te
1247 4269 1383 4332 murenas
1400 4269 1488 4330 edidit
1505 4273 1553 4334 Cb

173 4413 178 4423 ι
196 4394 254 4438 erat
269 4377 374 4436 Guaiia
392 4391 430 4436 ex
444 4374 513 4434 oro.
523 4377 625 4442 prad..
640 4379 686 4448 qui
701 4379 830 4438 omnium
905 4375 936 4435 P.
958 4375 997 4432 D.
1015 4371 1062 4444 Jo.
1079 4373 1270 4441 Hieronymus
1286 4369 1459 4430 Gredonicus
1475 4370 1554 4428 Cter.

196 4477 300 4552 primus
315 4473 443 4538 Coennbii
463 4473 517 4532 85.
535 4469 657 4528 eruunt
675 4472 704 4531 dr
719 4473 834 4544 Joriue
909 4477 1001 4544 Reg„
1022 4459 1092 4528 nune
1112 4464 1448 4540 Ampiissin'tusUtinenfis
1459 4465 1551 4522 Eccle-

194 4579 275 4644 Ptint
294 4575 384 4637 iaetu
400 4575 469 4638 olisn
489 4572 682 4636 sustentur.
906 4569 950 4636 sse
967 4570 1213 4644 Archirpttcopus,
1232 4571 1310 4632 Brix-
1330 4570 1449 4638 Sarna
1469 4585 1530 4636 ’as-
