3996 5762
406 495 1320 626 Aetnensium-triauetutustnnrn.
1442 549 1516 633 351

155 663 310 760 quaudo
334 669 501 763 expedire
530 667 659 742 videris
688 663 797 742 facias
825 665 934 766 nsque
963 669 1006 742 ad
1028 665 1308 743 satissaiiionem
1334 664 1564 758 condignam

160 786 382 866 sotemniter
407 791 607 889 publicari.
635 789 727 870 Dat.
750 792 927 872 Ltt'teran.
956 795 1076 870 tertio·
1092 793 1177 872 Cale
1197 795 1294 872 Not.
1320 788 1564 870 Pontificatus

158 912 278 990 nostri
308 937 413 990 anno
439 917 596 994 uliano.

265 1041 374 1140 Sigill.
400 1039 570 1136 Bonifatii
597 1046 697 1118 VIII.
723 1044 761 1120 de
785 1071 895 1122 more.

103 1346 107 1350 Δ
179 1295 490 1428 Priviiegium
525 1279 766 1398 Benedidii
805 1304 889 1404 XI.
938 1299 1051 1402 ficut
1075 1301 1311 1436 Magisier
1346 1297 1544 1404 Ordinis
1626 1411 1629 1418 ,

261 1457 499 1557 absolvere
535 1463 681 1594 potest
715 1465 931 1587 Fratres,
967 1475 1044 1602 qui
1084 1504 1164 1602 per
1202 1467 1468 1626 Superiores

313 1619 418 1724 suos
453 1623 631 1728 fuerint
668 1631 1081 1751 exeommunicati,
1117 1625 1176 1728 &
1212 1663 1327 1770 curu
1354 1628 1421 1728 eis

453 1784 715 1920 dispensate
754 1792 888 1925 super
924 1792 1299 1926 irregularitate..

571 2113 573 2120 γ
616 2051 692 2100 ¹30t·
714 2053 761 2092 te.
782 2031 860 2094 Febr.
881 2033 925 2092 Ex
947 2031 1020 2096 Cod.
1040 2032 1132 2095 Parte.

150 2187 484 2520 BEnedidius
508 2190 707 2289 Episcopus
732 2196 864 2271 Servus
891 2177 1091 2272 Servorum
1114 2193 1186 2269 Dei
1216 2193 1348 2270 diiedo
1375 2193 1454 2272 filio
1477 2195 1561 2273 Ma·

307 2315 417 2418 gistto
444 2318 598 2398 Ordinis
626 2315 927 2394 Humiliatorutn
956 2321 999 2393 ad
1023 2318 1239 2396 Romanam
1255 2317 1453 2396 Ecclesiam
1481 2323 1565 2396 nul-

309 2450 348 2522 io
383 2447 508 2522 medio
549 2450 766 2544 pertinentis
800 2447 953 2526 salutem
993 2453 1031 2529 dt
1059 2449 1308 2550 Apostolicam
1336 2453 1559 2529 benedidio·

155 2599 273 2654 nem.
300 2571 399 2670 Quia
427 2573 533 2674 proni
564 2570 685 2649 sensus
712 2571 878 2651 hominis
901 2575 945 2652 ab
968 2571 1209 2652 adolescentia
1232 2575 1379 2652 suntad
1402 2579 1560 2669 maium,

152 2709 190 2782 d(
218 2725 305 2780 caro
332 2700 472 2796 semper
499 2703 615 2800 vergit
643 2703 682 2776 in
709 2707 881 2797 culpam,
909 2724 954 2776 ert
982 2703 1148 2777 humana
1175 2700 1372 2799 fragilitate
1403 2705 1556 2792 contin-

150 2831 247 2930 git,
289 2827 387 2932 quod
415 2825 558 2903 Fratres
585 2831 637 2904 tui
666 2827 819 2904 Ordinis
845 2832 1025 2902 excedunt
1064 2827 1102 2902 in
1130 2827 1304 2921 casibus,
1340 2851 1388 2904 ert
1425 2831 1556 2928 quibus

152 2955 358 3032 sententias
384 2953 786 3030 excommunicationis
822 2955 859 3030 d(
895 2973 1004 3028 notas
1041 2954 1316 3048 irregularitatis
1342 2955 1571 3028 incurrunt·

153 3083 334 3162 Veientes
360 3081 475 3176 igitur
500 3105 632 3159 eorum
662 3081 701 3154 in
730 3077 798 3154 hac
826 3099 926 3177 parte
955 3075 1143 3174 prouidere
1169 3068 1299 3172 saluti,
1324 3103 1370 3154 ne
1392 3059 1565 3176 opdrteai

154 3231 222 3288 eos
250 3205 446 3284 discurrere
475 3229 542 3304 pro
567 3199 851 3300 dispensationis
888 3202 944 3278 vel
973 3200 1214 3280 absolutionis
1240 3206 1359 3299 gratia
1386 3201 1594 3284 obtinem.

152 3341 230 3432 da,
256 3333 465 3411 discretioni
495 3352 565 3406 ture
593 3329 803 3407 absolvendi
832 3327 934 3420 juxta
960 3319 1122 3406 sormam
1151 3325 1319 3405 Ecclestae
1343 3355 1409 3406 eos
1440 3353 1488 3406 ert
1512 3329 1569 3404 di·

152 3466 221 3542 uis
250 3457 460 3550 Fratribus,
488 3457 549 3558 qui
580 3478 640 3550 per
667 3455 879 3551 Superiores
908 3453 990 3529 suos
1014 3455 1096 3531 diui
1123 3453 1276 3533 Ordinis
1299 3455 1563 3532 exeommuni-

152 3593 358 3670 cationum.
376 3579 517 3664 suerint
543 3587 652 3682 ligari
682 3583 897 3674 sententiis,
934 3582 991 3654 rei
1020 3606 1079 3656 eas
1106 3581 1326 3660 incurrerint
1356 3607 1418 3680 per
1446 3576 1566 3682 trani}

155 3709 380 3821 greslionem
410 3709 629 3790 statutorum
658 3709 811 3784 Ordinis
841 3709 1066 3800 memorati,
1092 3731 1132 3781 ac
1158 3707 1387 3802 dispensandi
1413 3733 1499 3782 eunt
1524 3709 1570 3781 it·

153 3848 202 3924 iis
230 3864 276 3920 etr
302 3841 429 3920 iisdem
456 3835 644 3916 Fratribus
666 3891 678 3928 ‚
703 3837 765 3936 qui
785 3831 1062 3930 ‘dispensatione
1089 3833 1320 3930 indiguerint
1348 3835 1387 3907 itt
1415 3835 1458 3909 iis
1484 3834 1572 3911 cafi-

156 3969 252 4060 bus,
277 3967 338 4068 qni
368 3987 445 4039 non
475 3959 560 4040 sunt
592 3962 675 4040 Sedi
700 3957 930 4057 Apuiiulicae.
949 3957 1140 4052 reservati,
1167 3959 1320 4035 liberam
1350 3965 1387 4038 dt
1417 3963 1569 4055 plenam

156 4091 398 4172 concedimus
422 4089 638 4168 audiuntne
664 4081 899 4181 presentium
924 4081 1162 4163 facultatem:
1185 4081 1373 4165 Volumus
1395 4083 1564 4183 iusuper,

157 4225 260 4365 quud
289 4219 431 4300 Fratres
456 4215 616 4308 ejusdem
645 4213 828 4307 Ordinis,
861 4236 954 4311 quos
981 4234 1023 4290 tu
1059 4213 1098 4296 itt
1126 4207 1363 4291 Conseffores
1391 4233 1475 4289 tnos
1498 4215 1568 4292 du.

155 4348 256 4428 reris
283 4343 502 4446 eligendos,
529 4339 593 4420 tibi
627 4339 788 4440 possint,
814 4337 958 4440 quoties
985 4335 1232 4442 indigueris,
1237 4339 1283 4414 de
1310 4337 1439 4416 fimilis
1465 4341 1571 4419 'abso-

154 4476 317 4566 lutionis
342 4476 379 4552 dt
404 4467 738 4572 dispensationis
728 4492 767 4544 tn
803 4463 953 4546 eisdem
967 4459 1105 4544 cature
1140 4435 1323 4553 beneficio
1348 4471 1567 4586 providete,

156 4597 254 4680 Dat
280 4595 454 4678 Laterani
481 4595 547 4676 JV.
577 4594 634 4674 tt
658 4591 768 4672 Febr
789 4585 1041 4670 Pontificatum
1064 4585 1193 4668 nosiri
1203 4611 1307 4668 annu
1332 4595 1526 4693 stimma

1436 4717 1518 4796 Pri
