4020 5490
480 509 556 586 400
710 485 1159 573 Huttrttttottuu
1194 485 1551 566 Mouuurautt
1604 518 1608 529 ·

434 617 537 713 quod
574 639 618 690 ex
653 615 818 715 predielis
854 637 922 688 nec
957 615 1081 712 aliquo
1120 613 1363 712 predisiorum
1405 637 1483 692 nou
1522 609 1726 692 intendunt
1765 607 1837 698 juri

436 741 587 833 alicujus
612 745 653 818 in
680 744 807 842 aliquo
834 742 1034 838 derogare.

681 941 846 1062 collatio
883 973 1093 1062 Priorattrs
1126 974 1168 1060 S.
1197 939 1378 1087 Jodnnis
1414 963 1602 1080 Laudans:

938 1140 981 1224 in
1015 1143 1083 1226 Fr.
1117 1139 1354 1250 Rafficrnum.

759 1367 837 1419 ¹3⁴3·
859 1367 900 1406 er.
920 1347 1011 1410 Mart.
1030 1349 1075 1406 Ex
1093 1345 1227 1406 Tabultr.
1244 1343 1371 1420 Episcop.
1390 1340 1528 1404 uadens.

610 1509 808 1590 Uillelmus
830 1511 1074 1588 Miserarione
1100 1509 1227 1586 divina
1256 1509 1312 1585 tit.
1338 1507 1557 1588 sanatorum
1587 1519 1749 1604 quatuor
1768 1499 1844 1580 Co·

443 1513 610 1849 G
640 1662 860 1718 ronatorum
910 1640 1081 1740 presbiter
1118 1636 1327 1718 cardinatis
1370 1633 1566 1734 apostolice
1603 1629 1707 1710 Sedis
1746 1629 1853 1722 lega-·

638 1789 695 1846 tus
730 1775 783 1858 (ι)
820 1769 954 1843 dilesio
981 1767 1087 1842 uobis
1114 1768 1153 1838 in
1179 1765 1333 1844 Christo
1359 1765 1464 1844 sratri
1491 1762 1663 1844 Baffiano
1686 1754 1848 1857 expresse

441 1893 602 1996 prosell'o
639 1893 774 1969 domus
804 1889 984 1963 omnium
1011 1887 1233 1962 Sandiorum
1261 1879 1462 1964 Laudensts
1489 1887 1644 1964 Ordinis
1669 1881 1846 1960 humilia·

441 2045 596 2115 torum,
624 2017 780 2094 salutem
807 2014 847 2090 itt
873 2013 1056 2089 domino.
1099 2012 1345 2112 Exigentibus
1371 2033 1435 2094 tue
1472 2012 1660 2112 probitatis
1686 2006 1849 2102 metitis,

444 2149 550 2251 super
575 2148 708 2248 quibus
734 2142 830 2238 apud
867 2163 937 2216 nos
973 2137 1202 2218 laudabiliter
1228 2142 1534 2236 commendaris,
1569 2139 1847 2218 inducimur'ut

443 2277 643 2381 personam
672 2289 774 2346 tuam
801 2285 904 2366 grata
932 2267 1187 2389 bertivolentia
1214 2265 1473 2368 prosequentes
1500 2267 1566 2346 tibi
1589 2266 1789 2344 reddamur
1808 2262 1850 2341 in

420 2397 424 2405 ’
445 2399 681 2480 exhibitione
706 2389 842 2470 favoris
869 2395 906 2469 be
932 2393 1052 2488 gracie
1079 2392 1267 2468 liberales.
1295 2391 1400 2470 Hinc
1424 2389 1476 2470 est
1501 2393 1601 2494 quod
1626 2415 1697 2470 nos
1724 2393 1863 2468 solen·-

445 2545 500 2603 tes
528 2525 593 2598 tibi
621 2515 876 2616 premissorum
911 2516 1132 2592 meritorum
1172 2535 1325 2592 tuorum
1359 2516 1500 2594 iutuitu
1520 2521 1699 2615 'graciam
1733 2515 1851 2594 secere

446 2650 636 2749 specialem
659 2643 868 2720 Prioratum
895 2641 1029 2718 domus
1057 2639 1166 2718 sandi
1193 2639 1380 2740 Jobannis
1406 2644 1652 2742 evangeliste,
1688 2669 1757 2744 que
1784 2668 1849 2743 ap·

446 2779 602 2880 pellatur
628 2769 762 2844 domus
787 2767 832 2842 de
860 2768 962 2845 intus
988 2770 1136 2864 vitreas,
1161 2773 1199 2847 be
1225 2771 1359 2847 dicitur
1382 2772 1523 2850 ordinis
1550 2771 1829 2850 humiliatorum
1839 2787 1860 2864 ,¹

447 2919 640 2982 vacantem
666 2895 714 2971 ad
740 2893 884 2992 presens
911 2901 1002 2990 (tl,
1041 2897 1103 2996 qui
1145 2914 1251 2973 tanto
1290 2914 1456 2993 tempore
1492 2897 1624 2976 vacasse
1658 2898 1849 2990 noscitur,

446 3021 550 3132 quod
575 3023 651 3112 eius
675 3021 827 3098 collatio
854 3021 898 3098 ad
922 3021 1055 3098 Sedem
1082 3020 1319 3120 apostolicam,
1344 3019 1481 3102 exstitit
1503 3023 1703 3119 devoluta,
1726 3025 1863 3104 audo·-

448 3157 555 3232 titate
581 3173 651 3252 qua
679 3144 876 3243 fungimur
903 3165 1030 3222 terrore
1058 3143 1285 3242 presencium
1325 3148 1391 3226 tibi
1428 3172 1515 3226 eum
1548 3151 1727 3228 omnibus
1765 3151 1852 3241 juri·

449 3279 516 3356 bus
542 3279 579 3354 be
606 3273 841 3372 pertinenciis
861 3267 974 3362 suis,
1012 3268 1192 3346 stramen
1231 3271 1277 3346 de
1310 3267 1389 3361 iure
1424 3274 1520 3350 nulli
1557 3277 1618 3352 alii
1654 3277 1866 3370 debeatur,-

449 3399 703 3490 conserimus,
729 3395 836 3474 &de
862 3395 932 3468 illo
957 3394 1072 3470 etiam
1102 3395 1363 3492 providemus.
1400 3395 1653 3476 Deceruentes
1679 3428 1727 3480 ex
1756 3427 1855 3480 nunc

453 3525 600 3599 irritum
629 3522 840 3614 brittene,
878 3519 1028 3598 srsecus
1055 3519 1257 3618 superbiis
1291 3543 1312 3595 a
1350 3545 1537 3621 quoquam
1575 3531 1771 3628 contigerit
1800 3547 1853 3606 at·

455 3647 652 3747 temptati.
694 3645 802 3724 Nulli
828 3669 920 3745 ergo
956 3648 1120 3724 omnino
1158 3645 1360 3724 homiuum
1398 3651 1504 3728 liceat
1540 3653 1638 3731 hauc
1670 3659 1864 3756 peginam·

1735 3805 1803 3860 no-

449 3931 1845 3976 ...nun-mm*-

459 4048 507 4128 (ι)
520 4042 984 4114 GulllelrttusCurrl‚Tolosertus,
996 4041 1135 4104 benedisii
1175 4045 1216 4119 (s)
1235 4045 1385 4107 laudense
1403 4049 1499 4108 domus
1523 4047 1550 4109 S.
1568 4049 1687 4120 Jotrtuis
1714 4049 1750 4110 sd
1768 4053 1860 4115 vineas

490 4151 563 4212 ΧΗ.
580 4145 674 4206 fratris
697 4141 793 4212 filius,
812 4141 840 4200 8.
859 4141 898 4200 R.
914 4141 945 4198 E.
972 4139 1132 4200 Cardiualis
1205 4143 1302 4203 domui
1321 4143 1456 4204 Omnium
1486 4145 1533 4206 SS.
1553 4147 1704 4207 Laudertlis
1728 4151 1857 4214 Diaecests

491 4245 640 4308 sPatruo
665 4241 773 4310 jussus,
794 4257 809 4296 a
833 4239 978 4298 Clemente
1001 4239 1055 4297 Vl.
1087 4257 1132 4298 err.
1206 4238 1329 4300 obnoxia
1358 4239 1427 4298 olim
1464 4255 1549 4311 erat,
1584 4261 1615 4303 ut
1651 4247 1779 4310 diximus
1801 4253 1859 4326 sup.

490 4339 706 4406 Mcccxut.
727 4340 756 4396 in
776 4335 884 4395 ltaliam
899 4335 1134 4412 Legatussumma
1208 4357 1268 4412 pag.
1295 4359 1337 4396 tr.
1373 4339 1450 4396 Hine
1486 4327 1548 4398 stou¹
1574 4343 1739 4414 Preposrrut
1760 4334 1787 4421 ‚⁰
1806 4351 1856 4416 sed

494 4459 558 4500 eum
576 4437 738 4498 russorirete
758 4433 853 4525 missus
874 4435 933 4502 asi.
963 4435 1003 4498 V.
1019 4437 1137 4500 Ciacott.
1209 4438 1292 4496 Prior
1319 4438 1364 4494 illi
1393 4452 1527 4510 preerat,
1554 4442 1602 4514 qui
1630 4447 1776 4524 Prepoliro
1803 4456 1859 4522 do.

492 4541 524 4602 itt
543 4533 685 4600 beneditio
700 4533 772 4596 xu.
805 4601 809 4607 ,
1212 4555 1273 4598 utus
1288 4537 1426 4599 Omuiuro
1445 4533 1494 4604 Si·
1519 4536 1641 4604 subditus
1656 4565 1738 4624 prat.
