3978 5484
385 543 1302 623 Annon-terentius.tenesne-tet.
1427 561 1498 632 ¹29

147 659 356 740 obedientia
385 670 559 746 defuit.-
580 670 770 748 Pacieneir
797 689 943 772 queque
973 668 1193 748 infadversts
1220 669 1323 754 ualde
1352 665 1546 742 neceisetria

144 789 193 863 eii
218 795 470 890 equanimiter
496 799 694 920 tolerando'
718 802 814 874 inaln
831 800 882 874 'e'b
905 801 989 874 etits'
1007 797 1069 874 fibi
1094 799 1223 872 iliata:
1251 793 1350 870 unde
1369 791 1544 866 dominns

142 916 180 989 in
208 924 433 1015 evangetio:
469 927 605 1005 dietum
633 925 683 1004 est
710 927 905 1027 antiquie,
940 930 1092 1002 oculum
1121 951 1184 1024 pro
1211 926 1354 1012 oculo,
1386 919 1552 993 dentem*

141 1043 369 1136 prodente:
396 1073 471 1144 ego
499 1071 621 1126 autern
648 1051 859 1127 dico‘vobis
886 1077 963 1126 non
988 1041 1294 1141 restituendo,
1322 1043 1380 1122 sed
1408 1044 1432 1118 fi
1457 1041 1537 1140 quis

139 1167 309 1261 percussit
335 1189 369 1246 te
395 1174 436 1247 in
463 1154 630 1248 dixtrem
662 1177 812 1251 maxilie
838 1173 946 1272 prebe
972 1179 1006 1250 ei
1033 1181 1070 1252 dt
1100 1175 1280 1250 finitiram
1304 1201 1314 1263 ;
1339 1179 1377 1248 dt
1402 1168 1428 1244 st
1454 1167 1534 1266 quis

139 1293 381 1386 angariaverit
410 1315 446 1371 te
471 1297 574 1370 mille
601 1298 715 1394 peffus
742 1303 831 1376 vnde
858 1327 943 1375 cunt
970 1327 1016 1378 eo
1043 1307 1081 1380 dt
1107 1305 1178 1377 elia
1204 1301 1279 1374 duo
1301 1325 1311 1386 ;
1337 1301 1373 1373 dt
1401 1295 1427 1369 st
1453 1295 1533 1392 quis

140 1421 299 1496 noluerit
328 1443 450 1499 tecum
479 1427 518 1498 itt
547 1425 682 1517 judicio
708 1431 963 1523 contendere,
997 1434 1034 1508 dt
1064 1432 1226 1506 tunicam
1254 1445 1357 1502 tuam
1385 1409 1538 1513 tollete‚'

136 1543 286 1622 dimitte
313 1549 347 1622 ei
375 1552 566 1648 palleum,
592 1559 628 1633 dt
656 1558 744 1632 itent
773 1557 993 1656 Apostolus:
1023 1583 1103 1636 non
1132 1583 1196 1632 vos
1219 1551 1457 1632 defendentes
1484 1576 1543 1625 ca·
1571 1556 1575 1564 ’

136 1671 295 1765 riffimi,
322 1667 492 1752 sedeate
519 1679 645 1754 locunt
676 1683 748 1774 ire;
775 1681 944 1779 scriptum
971 1683 1020 1760 est
1043 1686 1168 1760 enim:
1198 1681 1292 1759 mihi
1320 1679 1538 1786 vinditinm3

138 1800 180 1872 δι
208 1819 283 1893 ego
308 1797 535 1896 retribuent,
560 1803 648 1880 dicit
676 1805 884 1882 dominus:
913 1810 1009 1885 ident
1037 1835 1183 1910 quoque
1210 1809 1333 1886 dixit:
1359 1804 1433 1895 jam
1459 1825 1543 1876 ont·

137 1921 240 1997 nino
264 1923 439 2002 delictum
463 1927 515 2004 eii
543 1933 582 2004 in
612 1929 735 2026 vobis,
761 1935 845 2032 quia
865 1932 995 2022 judicia
1023 1933 1164 2009 habetis
1190 1935 1393 2008 intervos:
1420 1949 1536 2029 quere

139 2069 227 2124 non
251 2052 371 2147 magis
399 2053 571 2143 iniuriam
599 2057 811 2152 accepistis:
848 2081 959 2154 quare
993 2079 1073 2132 nott
1101 2056 1219 2150 magis
1253 2053 1417 2129 fraudem
1447 2053 1542 2150 puti-

135 2173 268 2264 mini;
294 2179 333 2253 dt
358 2179 449 2254 item
476 2179 653 2254 dominus
678 2179 718 2253 in
744 2183 968 2276 evangelio:
1005 2182 1044 2254 in
1082 2180 1257 2275 patientia
1291 2175 1405 2252 vestra
1432 2173 1535 2271 possi·

133 2299 271 2376 debitis
299 2303 441 2376 enimes
468 2299 619 2376 vestras:
645 2303 735 2378 item
761 2302 968 2396 dimittite,
994 2303 1202 2378 dimittetur
1230 2299 1355 2376 vobis:
1393 2296 1539 2386 Adiun-

141 2423 290 2520 gendut
314 2425 426 2500 etiarn
453 2419 577 2500 fervor
602 2425 793 2520 caritatis,
827 2449 897 2526 que
922 2423 1136 2502 continetur
1163 2427 1202 2499 in
1227 2427 1369 2502 duobus
1396 2417 1544 2522 precep-⁸

137 2547 209 2640 tis,
234 2550 278 2624 in
304 2541 498 2635 dilediune
523 2545 654 2628 scilicet
680 2547 815 2629 Dei&
842 2543 1026 2647 proximi3
1054 2548 1142 2626 sieut
1170 2550 1347 2650 scriptum
1363 2540 1435 2626 est'.
1451 2545 1539 2622 'Di-

143 2677 235 2774 liges
262 2672 478 2750 Dominum
506 2672 636 2752 Deum
665 2693 773 2752 tuum
800 2675 917 2754 estote
943 2679 1052 2754 corde
1080 2697 1179 2774 tuo,
1205 2685 1241 2758 dt
1267 2661 1381 2756 estote
1408 2675 1538 2750 anime

141 2819 229 2891 tue,
257 2803 294 2878 dt
320 2797 435 2878 estote
461 2819 590 2876 mente
619 2819 704 2892 tua,
730 2803 768 2878 dt
793 2825 840 2876 ex
866 2802 1039 2876 omnibus
1066 2795 1209 2878 viribus'
1228 2804 1321 2894 tuis,
1347 2805 1383 2878 &
1411 2802 1535 2900 proxi·

142 2949 248 3002 tnum
277 2945 382 3002 tuum
410 2924 499 3002 ficut
526 2943 561 3002 te
588 2923 729 3024 ipsum.
769 2925 830 3000 Ad
857 2925 1030 3000 inimicos
1054 2927 1168 3000 etiam
1194 2923 1418 3002 ostendenda
1443 2928 1538 3002 eari-

146 3071 200 3128 tes
222 3104 234 3144 ,
260 3047 406 3127 dicente
431 3050 620 3128 domino:
649 3044 847 3126 benefacite
874 3047 931 3122 his
962 3049 1024 3146 qui
1053 3073 1117 3124 vos
1143 3048 1334 3143 oderunt,
1366 3056 1403 3128 dc
1430 3069 1537 3127 orere

147 3202 211 3276 pro
239 3173 533 3278 persequentibus
557 3177 595 3252 dt
621 3172 932 3253 calumniantibus
959 3195 1048 3264 vos,
1081 3191 1124 3247 ut
1152 3170 1224 3248 stris
1251 3171 1317 3248 filii
1345 3173 1539 3272 patrisve.

151 3305 236 3399 dri,
263 3305 326 3404 qui
352 3305 394 3378 in
420 3301 505 3380 celis
531 3299 606 3395 est,
632 3302 693 3401 qui
720 3299 834 3375 solem
862 3297 968 3375 suunt
995 3297 1082 3376 facit
1114 3303 1203 3377 oriri
1231 3293 1334 3396 super
1361 3297 1480 3374 bonos
1505 3302 1542 3376 dt

93 3415 96 3420 ’
153 3431 293 3524 malos,
320 3432 358 3506 dt
385 3426 476 3524 pluit
502 3423 605 3524 super
629 3423 740 3516 juiius
764 3428 799 3502 dr
827 3423 1008 3514 injustos:
1033 3429 1070 3502 δι
1097 3423 1323 3524 Apostolus:
1352 3425 1380 3502 fi
1406 3426 1538 3505 esurie-

152 3557 197 3631 rit
224 3557 393 3632 inimicus
421 3573 504 3632 tuus
529 3554 605 3630 cibe
632 3553 767 3645 ilium,
792 3556 829 3630 dt
857 3551 883 3628 fi
911 3551 1038 3628 sitierit
1061 3551 1190 3650 potunt
1218 3554 1263 3629 da
1286 3556 1362 3630 iili.
1390 3553 1541 3654 Insuper

89 3747 92 3754 .
149 3699 232 3758 ente
258 3682 388 3757 omniu
422 3679 550 3756 fratres
585 3680 704 3754 nolite
730 3673 847 3766 jurare
881 3697 999 3771 neque
1035 3699 1097 3772 pet
1128 3681 1275 3770 celum,
1316 3703 1433 3776 neque
1470 3694 1537 3777 pe'r

147 3827 307 3898 terrum,
334 3813 459 3907 neque]
470 3827 534 3901 per
554 3803 654 3880 aliud
676 3802 931 3902 quodcumque
944 3797 1201 3887 'juramentum
1224 3805 1301 3892 (2).
1328 3805 1384 3880 Sit
1410 3827 1541 3892 autem

198 3933 299 4004 Tem.
327 3936 378 4009 ΙΙ.
836 3923 875 4002 R
1427 3915 1517 4008 ser!

152 4087 189 4158 (ι)
208 4083 322 4147 Inutilis
336 4063 499 4148 surrevide'ti
520 4082 606 4158 poffer
626 4097 684 4142 tort
704 4081 760 4140 hee
777 4081 823 4138 In·
898 4081 975 4140 Inter
993 4081 1185 4150 ceteraenitn,
1202 4093 1261 4154 que
1280 4079 1335 4138 tttts
1353 4075 1459 4148 obiet‘ie
1480 4083 1539 4143 fite-

189 4187 314 4248 vocemii
325 4185 358 4244 de
368 4184 544 4255 iureiurando
561 4183 731 4252 dissertatio,
747 4197 829 4254 quant
903 4166 983 4248 tenti
1003 4180 1056 4238 hoc
1073 4195 1151 4250 erat.
1170 4197 1201 4240 ur
1218 4181 1258 4238 rit
1276 4183 1545 4255 remuneratum.

185 4289 268 4348 etiarn
287 4285 317 4343 in
335 4285 443 4344 duabus.
455 4281 621 4356 sequentibus
647 4277 767 4350 eiusdem
783 4278 820 4338 li·
894 4277 1155 4350 retinendum,
1175 4285 1246 4356 quia
1258 4286 1363 4352 fratrer
1377 4291 1478 4354 prinei,
1492 4291 1541 4362 se.

184 4387 248 4444 terit
274 4383 309 4443 ad
337 4382 449 4442 tetbutn
476 4383 621 4456 reperirent
646 4379 827 4440 ridebimur.
899 4377 1002 4444 cundi,
1028 4383 1065 4434 Ψ
1084 4383 1165 4436 tertie·
1181 4378 1293 4438 membri
1311 4391 1488 4444 communiter
1506 4389 1545 4445 n·-

185 4485 233 4543 Sed
252 4484 305 4541 hoe
325 4475 428 4540 scilicet
445 4477 561 4538 docendi
588 4491 663 4534 erant
683 4475 822 4536 Humilia·
895 4473 1022 4545 metant,
1037 4475 1090 4546 serr
1108 4473 1356 4546 northamuere
1374 4486 1405 4540 in
1423 4485 1527 4554 censa.

189 4585 229 4655 ti,
248 4579 409 4659 quibusnam
428 4575 463 4638 rie
481 4575 572 4634 cautus
591 4571 730 4642 §mareiae
743 4573 823 4633 effer.
