4028 5492
410 557 1328 640 A'uuottnrorttrrrttruncetur.
1445 569 1517 654 313

166 681 226 757 tel
250 683 410 784 quelibet
437 691 508 764 elia
536 685 690 787 persona
717 694 928 788 regularem
954 690 1177 768 elessionem
1199 682 1371 788 prepositi
1400 685 1460 762 vel
1489 703 1570 780 pre·

163 807 414 922 latitiusdem
443 815 584 893 ordinis
612 817 823 916 impediet,
863 837 926 894 aut
960 819 1007 894 de
1034 813 1261 893 instituendo
1286 835 1370 904 eo,
1409 809 1571 909 quipro

161 949 333 1038 tempore
357 939 490 1035 suerit,
519 941 556 1019 sc
581 943 764 1022 ullatenus
791 944 1022 1020 intromittat
1047 947 1127 1032 (tl.
1153 935 1285 1036 Quare
1312 929 1570 1044 nobitlturni·

161 1061 248 1143 liter
274 1063 525 1164 supplicastis,
562 1091 605 1146 ut
630 1095 716 1150 cunt
742 1069 925 1146 diocesani
953 1065 1057 1146 vestri
1098 1070 1138 1144 in
1165 1087 1327 1166 quorum
1355 1057 1567 1135 eiritttibus

161 1191 201 1268 dt
227 1190 429 1268 diocefibus
456 1195 590 1270 domos
618 1195 788 1290 bebetis,
811 1192 1034 1270 confirmare
1062 1187 1262 1291 prepositos
1288 1186 1370 1268 diui
1398 1185 1568 1278 ordinis,
1616 1253 1648 1288 ‚
1706 1247 1708 1250 .

159 1317 226 1411 qui
252 1317 444 1411 eliguntur
472 1341 539 1412 pro
565 1337 767 1415 tempore,
806 1343 1033 1422 quamquam
1074 1341 1137 1416 per
1177 1337 1249 1410 te,
1289 1312 1344 1391 fili
1373 1311 1571 1410 magister,

158 1463 272 1540 prout
307 1467 354 1518 ex
379 1443 592 1534 huiusmodi
631 1443 900 1523 constitutione
936 1445 1020 1523 dissi
1057 1440 1310 1543 predecessoris
1346 1437 1458 1516 nostri
1501 1438 1572 1516 tibi

157 1570 370 1662 competit,
409 1567 548 1644 suerint
576 1572 801 1666 approbati,
835 1567 1047 1669 frequenter
1071 1566 1243 1644 differant
1277 1569 1335 1640 vel
1362 1564 1571 1658 omittente

159 1692 200 1770 dt
225 1715 272 1767 ex
299 1691 370 1768 hoc
398 1691 486 1790 saepe
515 1694 617 1770 vobit
655 1695 839 1770 &eidem
877 1695 1001 1769 ordini
1040 1693 1235 1769 immineat
1271 1689 1574 1798 detrimentum,

158 1835 368 1914 congruum
397 1819 500 1915 super
526 1816 599 1892 boe
623 1815 796 1893 adbibere
823 1819 1027 1895 remedium
1057 1819 1102 1892 de
1129 1815 1360 1911 benignitate
1395 1811 1573 1911 aposloli·

158 1963 202 2017 ct
227 1965 459 2018 curaremus.
498 1942 580 2019 Nos
607 1944 731 2042 itaque
759 1947 925 2018 volentes
953 1942 1163 2032 hujusmodi
1193 1939 1375 2038 pericula,
1398 1962 1470 2038 que
1496 1953 1565 2016 vo·

159 2065 218 2144 bis
244 2088 291 2141 ex
319 2067 380 2142 tali
418 2067 599 2143 dilatione
634 2059 694 2140 seu
729 2061 924 2142 omissione
961 2063 1241 2140 diocesanorum
1283 2062 1446 2162 ipsorum
1488 2059 1572 2160 sepe

161 2191 415 2290 proveniunt,
439 2189 478 2262 in
507 2187 691 2286 pollerum
720 2187 959 2280 submovete,
980 2185 1101 2263 vellrit
1129 2186 1291 2284 precibus
1316 2187 1568 2280 inclinati,rrt

161 2309 191 2388 st
218 2313 435 2408 diocesani,
475 2315 513 2388 in
539 2337 700 2415 quorum
726 2309 933 2388 civitatibus
971 2329 1034 2387 aut
1060 2309 1262 2390 diocelibur
1297 2311 1433 2387 domos
1459 2309 1573 2390 veslri

162 2439 305 2514 ordinis
331 2439 543 2529 obtinetis,
581 2435 802 2534 presentatus
827 2437 880 2512 eis
906 2441 962 2513 rel
989 2455 1120 2514 eorum
1152 2437 1291 2514 vicariis
1331 2437 1377 2512 ab
1405 2432 1568 2533 ipsarum

159 2563 406 2642 conventibus
433 2565 490 2640 tel
518 2559 688 2640 statribur
712 2563 911 2642 elcssiott'et
938 2560 1233 2661 prepositorum,
1257 2565 1320 2662 qul
1347 2557 1486 2641 fuerint
1518 2565 1568 2644 ed

160 2713 292 2766 etrum
321 2691 493 2786 regimen
521 2680 587 2788 pro
613 2708 780 2784 tempore
806 2685 1031 2781 assumendi,
1058 2709 1166 2784 prout
1193 2708 1370 2768 tenentur
1388 2689 1569 2788 exipsius

159 2814 441 2892 constitutionis
467 2811 720 2910 predecessoris
749 2834 907 2907 tenore,
947 2811 1077 2912 absque
1103 2810 1252 2900 alicujus
1273 2818 1570 2896 examinationis
1654 2815 1656 2820 ’

157 2941 342 3021 scrutinio
381 2937 479 3016 insra
515 2937 724 3038 quindecim
760 2937 839 3014 dies
877 2961 899 3014 a
934 2939 994 3014 die
1033 2937 1316 3035 presentationis
1352 2939 1568 3030 hujusmodi

161 3067 472 3163 computandos,
508 3063 716 3140 distulerint
743 3060 804 3140 seu
830 3061 1021 3141 omiserint
1046 3061 1304 3162 continuere,
1340 3068 1425 3152 dissi
1453 3063 1562 3150 ele&

161 3211 210 3268 ex
240 3208 331 3266 tunc
357 3207 399 3264 ut
428 3189 500 3264 veti
529 3184 696 3286 prepositi
724 3211 849 3265 cutam
878 3193 914 3266 dr
941 3187 1303 3272 administrationem
1329 3199 1369 3272 in
1399 3197 1567 3295 spirituc·

166 3315 269 3392 libus
293 3318 332 3393 dt
360 3312 624 3410 temporalibus
646 3317 849 3390 domorum
892 3312 1049 3412 ipserum
1088 3340 1135 3392 eo
1172 3317 1250 3417 ipso
1286 3320 1400 3400 libere
1434 3323 1574 3405 habere
1650 3369 1657 3376 ·

163 3445 339 3535 valeant,
364 3443 536 3520 &etiarn
562 3461 754 3530 exercere,
780 3439 883 3515 vobit
910 3441 1122 3521 aneorum
1150 3444 1372 3542 presentium
1393 3451 1576 3557 indulge.

165 3591 275 3646 ntur.
315 3567 525 3647 Nor-enirn
551 3585 684 3640 omner
710 3559 957 3663 suspensionis
984 3571 1042 3644 tel
1070 3572 1285 3667 intendisti,
1326 3591 1393 3654 attt
1415 3602 1574 3662 excom.

165 3689 659 3774 municarionir‘seorentiae
693 3689 821 3766 eontra
857 3687 1067 3781 hujusmodi
1103 3693 1340 3774 cottceslionir
1368 3701 1490 3783 nolite
1515 3727 1572 3786 te-

167 3841 303 3898 norem
332 3819 369 3892 in
398 3813 473 3892 tot'
492 3811 732 3891 eeliteslrutn
772 3815 935 3913 aliquem
972 3839 998 3892 a
1028 3813 1230 3894 uooennts
1268 3825 1464 3922 predidlie,
1503 3849 1573 3912 aut
1732 3911 1735 3916 ,

167 3964 301 4022 corum
329 3943 479 4041 aliquo,
505 3937 565 4014 seu
591 3938 637 4012 de
663 3935 825 4032 ipsorum
845 3939 1033 4015 mandato
1068 3943 1123 4015 vel
1149 3943 1362 4022 rudiorirate
1390 3955 1567 4050 contige.

154 4071 221 4146 'rit
249 4067 497 4163 promulgari,
522 4085 691 4139 exnunc
715 4061 946 4138 decmnimtrt
968 4061 1326 4168 irritandcintner„
1342 4071 1449 4152 Nulli
1474 4101 1572 4176 ergo

145 4193 335 4274 omnino
362 4185 581 4268 bominum
604 4191 710 4266 liceat
747 4187 863 4263 hanc·
885 4189 1059 4285 paginam
1096 4189 1216 4268 nolite
1231 4257 1237 4268 .
1252 4196 1501 4280 concellrooit·
1531 4211 1571 4292 dr

149 4315 453 4410 --eonslittrtionir
478 4311 677 4414 infringere
698 4341 727 4410 ‚·
750 4313 808 4390 vel
843 4311 880 4390 ei
916 4309 1008 4407 aust
1043 4319 1252 4400 temerario·
1273 4328 1483 4404 contraire.
1524 4331 1572 4412 st

226 4453 331 4522 Tem.
352 4443 404 4518 11.
910 4438 991 4518 Re
1159 4469 1183 4524 ,s
1440 4461 1524 4556 quit

1480 4809 1633 4880 „a”
